2034 3458
327 469 427 520 tum,
480 470 524 508 ut
558 466 748 508 omittam
781 465 881 508 Hor.
914 466 981 507 ΠΙ
1013 466 1068 507 36
1118 467 1174 518 (v.
1207 480 1248 522 p.
1281 466 1369 520 47),
1416 466 1525 509 Xen.
1559 466 1656 522 Cyr.
1696 467 1718 509 I
1748 467 1790 521 4,
1823 467 1879 510 28

327 539 382 589 (v.
417 552 456 592 p.
491 538 584 591 49),
634 538 732 579 Her.
766 538 787 578 Ι
822 538 918 579 199.
998 538 1081 579 VH
1115 537 1204 588 16γ
1247 539 1303 590 (v.
1336 552 1377 593 p.
1413 539 1506 592 50),
1555 538 1620 581 his
1666 539 1789 581 loeis:
1838 539 1881 581 αἱ

327 610 401 660 μὲν
433 611 519 650 τῶν
549 609 758 660 Περσέων
798 610 978 661 κεφαλαί
1018 609 1098 650 εἰσι
1138 609 1338 660 ἀσθενέες
1378 609 1490 651 οὕτω
1523 610 1646 660 ὥστε,
1679 610 1713 652 εἰ
1744 610 1880 662 θέλεις

326 681 460 734 ψήφῳ
495 679 627 734 μούνῃ
664 683 819 732 βαλεῖν,
853 681 1172 731 διατετρανέεις,
1220 681 1260 722 αἱ
1301 682 1347 722 δὲ
1379 683 1465 722 τῶν
1497 681 1734 730 Αἰγυπτίων
1767 680 1881 723 οὕτω
1933 719 1938 723 .

327 752 377 802 δή
411 765 448 792 τι
483 752 663 805 ἰσχυραί,
704 752 824 802 μόγις
859 752 911 793 ἂν
945 753 1048 807 λίθῳ
1080 753 1240 803 παίσας
1273 752 1551 804 διαρρήξειας.
1586 753 1686 794 Her.
1719 752 1788 794 ΙΠ
1812 753 1880 795 12.

327 824 393 864 καὶ
425 825 552 863 τοῦτο
585 821 699 863 οὕτω
733 824 806 874 μὲν
839 825 1003 864 πολλοῦ
1037 822 1155 866 ἄξιον
1187 824 1236 865 τὸ
1269 823 1495 874 ἐνθύμημα,
1528 822 1641 865 οὕτω
1664 824 1710 866 δὲ
1733 823 1882 878 ῥᾴδιον

327 895 392 935 καὶ
426 897 584 944 μαθεῖν,
633 895 744 936 ὥστε
783 895 876 936 νυνὶ
916 894 1106 945 ἀκούσας
1148 895 1201 936 σὺ
1236 897 1363 936 τοῦτο
1396 895 1488 946 ἐμοὶ
1521 894 1678 946 ὁμοίως
1711 888 1884 936 ἐπιστάέ

328 979 453 1015 μενος
487 964 594 1014 ἄπει,
628 966 694 1006 καὶ
733 965 866 1007 ἄλλον
907 965 1099 1016 διδάξεις,
1140 966 1214 1007 ἐὰν
1249 965 1390 1021 βούλῃ.
1438 966 1547 1007 Xen.
1582 965 1683 1008 Oee.
1717 966 1787 1020 20,
1810 965 1881 1009 24.

327 1036 387 1088 ὡς
422 1036 528 1078 Xen.
563 1036 661 1091 Cyr.
695 1037 778 1078 VII
810 1036 850 1091 5,
875 1037 944 1078 81.

470 1119 752 1161 Indicativum
804 1120 933 1178 igitur
981 1120 1174 1175 usurpari
1224 1120 1415 1163 videmus
1424 1154 1434 1174 ,
1489 1134 1570 1174 quo
1620 1134 1687 1163 res
1736 1134 1885 1164 revera

329 1195 555 1233 consecuta
587 1191 653 1232 vel
687 1196 964 1233 consecutura
997 1191 1268 1246 exprimatur,
1317 1193 1530 1247 optativus
1569 1192 1803 1247 praesentis
1842 1195 1885 1234 et

328 1262 471 1304 aoristi
506 1275 599 1303 cum
632 1262 685 1304 ἄν
718 1263 964 1304 coniunctus
996 1263 1037 1304 in
1070 1276 1190 1304 usum
1223 1267 1410 1317 vocatur,
1458 1268 1503 1305 ut
1542 1276 1629 1305 rem
1660 1262 1883 1318 significet,

329 1347 437 1387 quae
471 1334 671 1387 consequi
703 1334 837 1389 possit
870 1335 935 1375 vel
967 1335 1163 1389 potuerit.
1212 1334 1325 1376 Raro
1349 1332 1489 1376 autem
1512 1334 1720 1376 sententia
1742 1347 1885 1377 eonse-

329 1404 472 1446 cntiva
506 1418 598 1446 cun]
633 1405 912 1447 antecedente
959 1406 1091 1447 artius
1139 1405 1338 1448 cohaeret
1376 1405 1608 1461 praemisso
1639 1405 1885 1461 pronomine

329 1475 396 1517 ch
428 1475 631 1518 adverbio
665 1476 1016 1518 demonstrativo:
1065 1478 1115 1518 τὸ
1149 1478 1195 1518 δὲ
1227 1479 1421 1528 θυμιᾶται
1453 1477 1788 1529 ἐπιβαλλόμενον
1818 1477 1886 1519 καὶ

329 1547 480 1598 ἀτμίδα
520 1549 748 1599 παρέχεται
795 1548 1011 1599 τοσαύτην
1060 1548 1172 1590 ὥστε
1220 1547 1447 1599 Ἑλληνικὴ
1498 1549 1672 1600 οὐδεμία
1718 1547 1772 1590 ἄν
1818 1561 1886 1600 μιν

330 1619 455 1670 πυρίη
491 1619 811 1670 ἀποκρατήσειε.
844 1619 944 1660 Her.
978 1620 1037 1661 IV
1073 1619 1127 1661 75
1175 1620 1284 1661 Xen.
1319 1619 1417 1674 Cyr.
1450 1620 1471 1660 Ι
1506 1621 1544 1673 1,
1567 1620 1608 1661 4.
1671 1618 1809 1662 Anah.
1841 1618 1888 1660 Π

329 1690 368 1742 5,
398 1691 462 1730 15.
505 1690 666 1745 Oyncg.
701 1691 741 1743 5,
765 1691 832 1732 33
881 1691 939 1741 ὡς
975 1690 1072 1746 Cyr.
1107 1691 1190 1731 VH
1222 1691 1262 1744 5,
1288 1691 1327 1732 8.
1369 1691 1449 1745 Rp.
1473 1691 1576 1733 Lac.
1614 1691 1678 1740 11,
1701 1691 1742 1732 6.
1784 1689 1886 1733 Oeo.

329 1762 462 1817 8,14.
512 1761 643 1803 Conv.
677 1762 717 1815 4,
741 1762 811 1803 39.
882 1762 1127 1816 plerumque
1175 1761 1294 1803 deest
1343 1761 1740 1803 demonstrativum:
1789 1759 1887 1803 οἶδα

328 1832 407 1883 γὰρ
441 1834 548 1883 ὑμᾶς
581 1835 714 1874 ταῦτα
746 1834 1056 1883 ἐπισταμένους
1090 1835 1156 1874 καὶ
1190 1834 1521 1884 μεμελετηκότας
1554 1834 1621 1874 καὶ
1650 1832 1886 1884 ἀκούοντας

330 1904 397 1944 διὰ
430 1905 590 1954 τέλους,
624 1904 735 1946 ὥστε
768 1904 846 1946 κᾶν
879 1904 1038 1955 ἄλλους
1072 1904 1244 1955 εἰκότως
1278 1905 1330 1946 ἂν
1363 1904 1612 1946 διδάσκοιτε.
1646 1903 1754 1946 Xen.
1789 1902 1886 1959 Cyr.

329 1975 395 2015 ΙΙΙ
427 1975 467 2028 3,
492 1976 558 2016 35.
608 1975 679 2027 (ef.
714 1975 814 2017 Oce.
853 1976 918 2029 15,
946 1976 1017 2016 10:
1066 1976 1117 2016 τὰ
1156 1977 1230 2026 μὲν
1264 1976 1366 2016 ἰδὼν
1399 1975 1451 2016 ἂν
1484 1975 1804 2026 ἐργαζομένους,
1836 1974 1888 2016 τὰ

330 2047 376 2087 δὲ
414 2046 615 2096 ἀκούσας,
665 2047 790 2097 εὐθὺς
831 2047 883 2088 ἂν
924 2047 1131 2096 ἐπίσταιο,
1179 2047 1290 2088 ὥστε
1330 2048 1396 2087 καὶ
1437 2046 1581 2095 ἄλλον,
1629 2046 1664 2087 εἰ
1705 2045 1889 2098 βούλοιο,
1946 2047 1948 2049 ’

330 2117 572 2169 διδάσκειν).
635 2120 765 2158 πλοῖα
798 2118 896 2168 ὑμῖν
929 2118 1145 2168 πάρεστιν,
1178 2117 1289 2158 ὥστε
1322 2116 1404 2172 ὅπῃ
1439 2117 1491 2158 ἂν
1526 2117 1736 2169 βούλησθε
1782 2116 1888 2160 ἐξαί-

330 2202 443 2240 φνης
484 2189 536 2230 ἂν
575 2189 817 2230 ἐπιπέσοιτε
865 2189 973 2230 ch.
1014 2188 1148 2230 Anah.
1176 2189 1223 2234 ,V
1263 2189 1303 2242 6,
1335 2189 1404 2229 20.
1483 2188 1662 2241 Reliqua
1694 2187 1890 2243 exempla

331 2264 445 2301 sunt:
495 2261 537 2311 α)
571 2274 709 2314 praes.
745 2266 830 2315 opt.
866 2274 901 2301 e.
937 2259 1010 2301 ἄν;
1053 2260 1153 2301 Her.
1188 2260 1230 2300 ΙΙ
1267 2260 1330 2301 16.
1366 2260 1459 2301 173.
1508 2258 1644 2300 Thuc.
1677 2258 1723 2300 ΙΙ
1753 2258 1824 2313 60,
1848 2259 1888 2300 7.

332 2331 397 2371 ιιι
430 2330 500 2384 33,
531 2331 571 2372 3
642 2331 702 2372 vr
738 2331 804 2384 18,
839 2333 875 2372 1.
945 2317 1054 2372 Xen.
1090 2330 1187 2385 cyr.
1221 2330 1327 2372 vm
1362 2331 1399 2383 τ,
1429 2331 1469 2372 9.
1538 2330 1647 2371 Heu.
1681 2329 1742 2371 VI
1776 2330 1814 2384 1,
1848 2329 1888 2372 7.

332 2402 414 2443 VH
451 2403 487 2455 1,
512 2404 551 2442 8.
601 2402 759 2443 (fonnn.
793 2402 861 2443 ΙΙΙ
896 2403 933 2455 1,
958 2402 997 2443 9.
1048 2402 1148 2444 Oee.
1184 2403 1223 2455 7,
1246 2402 1315 2443 26.
1365 2401 1480 2443 Hier.
1517 2402 1678 2455 11,11.
1727 2399 1888 2456 Cyneg.

335 2475 371 2526 1,
397 2474 435 2514 7.
501 2473 551 2514 R.
586 2487 680 2526 equ.
718 2475 785 2524 11,
820 2474 887 2515 12.
982 2475 1021 2525 β)
1055 2487 1142 2515 aor.
1192 2479 1277 2528 opt.
1328 2487 1363 2515 c.
1413 2473 1483 2515 ἄν;
1535 2473 1666 2515 Thuc.
1700 2473 1722 2514 I
1755 2472 1823 2526 70,
1846 2471 1888 2514 9.

332 2544 367 2585 V
401 2544 471 2585 97.
537 2544 595 2585 VI
630 2544 699 2597 34,
724 2546 764 2586 2.
829 2545 938 2586 Xen.
973 2544 1070 2599 Cyr.
1105 2545 1149 2585 Π
1180 2544 1315 2597 4,15.
1379 2545 1439 2586 IV
1470 2544 1511 2598 5,
1544 2544 1615 2586 54.
1684 2543 1794 2585 Hell.
1827 2542 1890 2584 VI

332 2616 373 2669 5,
396 2616 466 2656 42.
515 2615 650 2656 Anah.
684 2616 727 2656 ΙΙ
759 2616 803 2669 4,
825 2616 865 2658 6.
912 2616 1012 2657 Oec.
1046 2616 1086 2669 2,
1111 2616 1147 2657 8.
1183 2616 1250 2667 13,
1273 2616 1313 2656 4.
1363 2616 1442 2670 Rp.
1476 2615 1579 2657 Lac.
1615 2615 1682 2668 13,
1705 2614 1746 2656 5.

475 2698 650 2739 Praeter
697 2698 972 2740 indicativum
1023 2704 1064 2740 et
1111 2699 1345 2753 optativum
1394 2712 1487 2740 eum
1528 2697 1580 2739 ἄν
1622 2697 1890 2740 coniunctum

332 2774 556 2823 usurpatur
588 2770 861 2824 praeteritum
896 2770 1204 2824 (imperfectum
1238 2774 1279 2810 ct
1311 2765 1461 2811 aoristi
1490 2768 1762 2821 indicativus)
1795 2781 1889 2810 cum

334 2840 386 2881 ἄν
420 2840 707 2893 εοιιὶιιιιοῐιιιιι;
756 2854 968 2893 nunquam
1016 2839 1235 2895 praecedit
1276 2853 1504 2895 pronomen
1542 2840 1610 2881 vel
1642 2838 1889 2881 adverbium

334 2910 724 2965 demonstrativum,
759 2911 828 2952 ubi
862 2912 973 2956 ὥστε
1005 2911 1216 2966 particula
1248 2910 1432 2966 ponitur:

477 2996 519 3046 α)
556 2995 717 3048 imperf.
752 3009 784 3035 c.
819 2994 888 3035 ἄν;
922 2995 989 3035 ἐπὶ
1023 2996 1068 3036 δέ
1101 2995 1209 3045 χιόνι
1241 2994 1436 3048 πεσούσῃ
1469 2996 1587 3035 πᾶσα
1617 2993 1776 3043 ἀνάγκη
1799 2992 1890 3034 ἐστὶ
