2034 3458
980 339 1211 374 -40-

462 471 586 526 Apud
619 470 943 525 Xenophontem
978 471 1224 525 saepissime
1256 471 1315 521 ὡς
1363 471 1613 525 particulam
1654 485 1730 526 pro
1763 471 1876 514 ὥστε

320 558 400 585 non
433 543 564 584 solum
600 556 693 583 eum
726 540 946 594 infinitivo,
995 541 1069 583 sed
1115 541 1244 583 etiam
1289 555 1383 583 eum
1429 541 1566 584 modis
1607 541 1875 585 coniunctam

321 613 523 655 videmus.
1125 600 1130 604 ’

462 684 523 726 Ae
555 684 734 738 primum
769 683 938 737 quidem
971 683 1200 725 infinitivus
1234 683 1319 724 vim
1350 683 1517 725 finalem
1551 683 1741 726 exhibet:

462 758 502 806 a)
535 759 630 809 post
662 755 792 796 verba
824 753 1033 796 efficiendi
1066 754 1158 796 sim.
1207 754 1380 797 ἐπέταξε
1426 755 1502 796 τὸν
1548 754 1613 796 ἀεὶ
1644 754 1880 807 πρεσβύτα-

319 840 394 868 τον
441 827 486 867 ἐν
533 830 591 880 τῷ
638 826 858 880 γυμνασίῳ
907 825 1073 880 ἑκάστῳ
1122 826 1407 876 ἐπιμελεῖσθαι
1446 825 1505 876 ὡς
1552 826 1712 877 μήποτε
1757 825 1880 868 αὐτοὶ

320 897 523 947 ἐλάττους
556 899 641 938 τῶν
673 896 821 938 σιτίων
842 897 1059 946 γίγνεσθαι
1092 896 1172 950 Rp.
1196 896 1299 939 Lae.
1323 895 1363 949 5,
1388 896 1427 938 8.
1490 895 1588 938 οἶδα
1610 896 1717 948 ὑμᾶς
1740 898 1879 949 φυλα-

321 968 524 1018 ξαμένους
558 968 616 1017 ὡς
650 969 702 1018 μὴ
736 970 974 1018 παρασχεῖν
1012 967 1150 1021 τούτῳ
1190 967 1413 1018 πρόφασιν
1461 966 1596 1009 Anab.
1629 967 1715 1009 VII
1745 966 1786 1022 6,
1809 967 1880 1010 22.

321 1039 369 1079 τὸ
417 1038 656 1089 στράτευμα
710 1038 1071 1089 παρεσκευακέναι
1124 1038 1183 1088 ὡς
1231 1038 1369 1079 πόνον
1417 1039 1576 1089 μηδένα
1622 1037 1882 1090 ἀποκάμνειν

322 1109 430 1150 ΗοΙΙ.
466 1109 548 1149 VH
579 1109 620 1162 ξ),
647 1109 713 1150 19.

463 1179 506 1231 b)
539 1179 744 1233 absolute,
793 1183 838 1221 ut
884 1180 944 1221 ita
991 1178 1145 1233 dicam,
1194 1183 1439 1235 usurpatus:
1482 1180 1540 1231 εἰς
1573 1181 1650 1231 τὴν
1682 1180 1882 1232 ἑσπέραν,

323 1251 411 1291 ἐπεὶ
437 1251 591 1301 σκότος
621 1250 697 1303 εἴη,
732 1251 981 1306 ἐξεβίβαζεν,
1014 1251 1073 1301 ὡς
1107 1252 1159 1302 μὴ
1193 1252 1459 1302 καταδήλους
1492 1250 1598 1293 εἶναι
1629 1253 1721 1302 τοῖς
1753 1253 1881 1293 πολε-

323 1322 430 1372 μίοις
463 1324 594 1362 ταῦτα
626 1324 857 1372 ποιοῦντας
890 1322 999 1363 Hell.
1034 1322 1053 1363 Ι
1085 1322 1125 1375 6,
1149 1323 1219 1363 20.
1281 1323 1399 1373 ἠξίου
1428 1322 1559 1364 αὐτὸν
1581 1325 1672 1373 τοῖς
1694 1321 1881 1373 πλησίον

325 1381 544 1442 βασιλεῦσι
577 1393 768 1443 χρήματα
801 1393 975 1442 διδόναι,
1008 1393 1067 1443 ὡς
1101 1393 1349 1444 συμμάχους
1383 1392 1489 1434 εἶναι
1537 1393 1646 1435 Hell.
1677 1393 1715 1435 V
1743 1393 1785 1447 2,
1807 1393 1880 1435 38.

324 1463 526 1514 διφθέρας
560 1464 792 1505 συνέσπων
825 1464 883 1514 ὡς
918 1465 970 1515 μὴ
1004 1463 1211 1505 ἅπτεσθαι
1233 1467 1308 1515 τῆς
1332 1463 1499 1516 κάρφης
1521 1465 1571 1506 τὸ
1593 1463 1710 1515 ὕδωρ
1741 1463 1880 1506 Anab.

324 1533 414 1586 15,
442 1534 508 1574 10.
571 1533 686 1585 εἶχον
733 1535 784 1576 τὰ
823 1535 1012 1586 δρέπανα
1059 1535 1119 1585 ὡς
1168 1536 1410 1577 διακόπτειν
1458 1534 1544 1591 ὅτῳ
1582 1534 1881 1587 ἐντυγχάνοιεν

325 1604 460 1645 Anah.
494 1605 513 1645 l
547 1606 585 1659 8,
614 1607 679 1647 10.
743 1606 913 1647 ἐπειδὰν
946 1607 991 1647 δὲ
1024 1607 1190 1661 σημήνῃ
1224 1610 1282 1661 τῷ
1316 1607 1456 1658 κέρατι
1489 1606 1548 1657 ὡς
1571 1605 1879 1660 ἀναπαύεσθαι,

324 1675 637 1718 συσκευάζεσθε
669 1677 805 1718 Anah.
841 1677 882 1718 11
914 1679 954 1730 2,
977 1677 1018 1718 4.
1082 1678 1342 1729 κατέβαινον,
1389 1677 1448 1728 ὡς
1496 1677 1564 1718 ἐπὶ
1610 1677 1687 1719 τὸν
1733 1676 1881 1728 ἕτερον

324 1745 567 1797 ἀναβαίνειν
598 1747 734 1789 Anah.
768 1749 833 1789 ΙΙΙ
861 1749 902 1802 4,
925 1748 995 1789 25.
1058 1749 1312 1799 παρήγγειλε
1345 1749 1574 1800 διαβαίνειν
1607 1747 1672 1789 ὅτι
1703 1747 1894 1799 τάχιστα7

323 1818 347 1871 ᾖ
381 1817 559 1868 ἕκαστος
592 1819 669 1869 τὴν
701 1819 816 1861 τάξιν
849 1818 970 1870 εἶχεν,
1011 1819 1070 1869 ὡς
1112 1820 1164 1870 μὴ
1203 1819 1441 1870 ἐμποδίζειν
1481 1818 1695 1870 ἀλλήλους
1742 1818 1880 1861 Anah.
1923 1816 1927 1817 ⁷

324 1888 382 1928 IV
415 1889 454 1941 3,
479 1889 548 1930 29.
611 1889 781 1941 ἔφασαν
814 1890 971 1941 αὐτοὺς
1004 1891 1171 1941 μέλλειν
1203 1890 1353 1932 ἐνθάδε
1385 1893 1520 1943 πλεῖν,
1554 1890 1613 1941 ὡς
1645 1890 1745 1942 ἡμῖν
1767 1890 1881 1934 λέξαι

324 1959 374 2000 τὰ
406 1960 613 2010 γενόμενα
654 1961 789 2002 Anah.
824 1961 861 2002 V
895 1962 933 2015 7,
967 1961 1033 2002 18.
1097 1961 1178 2016 Rp.
1212 1961 1315 2003 Lae.
1349 1961 1390 2014 5,
1421 1962 1462 2002 3.
1521 1962 1562 2014 2,
1585 1962 1627 2002 ἶ).
1690 1960 1827 2005 Anah.
1859 1961 1880 2002 I

325 2030 364 2083 8,
392 2030 458 2071 15.
497 2030 626 2086 Hipp.
650 2032 690 2084 9,
714 2032 754 2073 5.
785 2032 835 2073 R.
866 2045 960 2085 equ.
997 2034 1064 2086 12,
1092 2033 1140 2073 11
1178 2032 1290 2084 (bis).
1336 2032 1433 2087 Cyr.
1467 2032 1487 2073 I
1519 2033 1560 2086 2,
1585 2032 1624 2073 8.
1678 2031 1880 2074 Huiusce«
1945 2046 1949 2050 *

324 2100 438 2142 modi
487 2102 701 2144 infinitivis
755 2103 879 2145 finem
932 2103 1112 2145 aetionis
1166 2103 1343 2158 exprimi
1391 2102 1651 2145 demonstrat
1698 2102 1881 2158 interpo-

324 2171 439 2225 latio,
474 2186 582 2225 quae
614 2173 822 2215 invenitur
854 2174 895 2215 in
928 2174 1070 2217 Anah..
1099 2174 1134 2215 V
1166 2175 1207 2228 2,
1244 2175 1317 2216 12;
1363 2174 1387 2215 ὁ
1421 2175 1466 2215 δὲ
1498 2177 1589 2225 τοῖς
1622 2176 1881 2224 πελτασταῖς

325 2245 429 2284 πᾶσι
477 2245 730 2297 παρήγγειλε
778 2246 1146 2296 διηγκυλωμένους
1195 2245 1317 2294 ἰέναι,
1366 2245 1439 2297 ὡς,
1488 2244 1652 2286 ὁπόταν
1700 2245 1882 2299 σημήνῃ,

325 2313 567 2364 ἀκοντίζειν,
593 2317 659 2356 καὶ
690 2317 791 2366 τοὺς
825 2317 1000 2367 τοξότας
1034 2317 1333 2368 ἐπιβεβλῆσθαι
1366 2316 1432 2358 ἐπὶ
1464 2318 1557 2366 ταῖς
1590 2318 1773 2367 νευραῖς,
1804 2315 1880 2369 ὡς,

326 2384 490 2426 ὁπόταν
523 2387 704 2440 σημήνῃ,
739 2386 924 2430 τοξεύειν
986 2386 1185 2442 [δεῆσον].

469 2457 545 2498 His
578 2459 782 2512 exemplis
813 2458 1012 2512 adiungo,
1047 2471 1301 2512 quamquam
1333 2457 1500 2500 finalem
1547 2458 1633 2499 vim
1663 2471 1747 2499 non
1778 2469 1881 2512 prae
1907 2462 1918 2472 ³

326 2540 370 2568 se
404 2527 554 2581 ferunt,
604 2530 829 2584 partieipia
875 2530 1035 2584 passivi
1067 2529 1359 2571 nonnullorum
1398 2529 1635 2582 verborum⁷
1683 2541 1794 2582 quae
1825 2526 1882 2570 ad

326 2611 493 2639 sensum
530 2600 751 2641 verborum
785 2600 993 2642 efficiendi
1025 2601 1216 2656 proxime
1255 2600 1484 2642 accedunt:
1538 2599 1882 2650 παρεσκευασμέ-

327 2683 428 2719 νους
462 2670 521 2720 ὡς
561 2674 699 2712 ποιεῖν
731 2686 767 2712 τι
800 2672 928 2726 Hipp.
964 2672 1002 2725 7,
1026 2672 1066 2713 8.
1130 2671 1505 2723 συνηρμοσμένου·
1531 2671 1590 2721 ὡς
1630 2673 1717 2712 τῶν
1755 2669 1882 2712 ἀλλο-

327 2741 454 2791 τρίων
501 2743 681 2792 μηδενὸς
730 2745 1012 2793 προσδεῖσθαι
1060 2742 1182 2797 Apol.
1220 2742 1286 2783 16.
1349 2741 1488 2792 οὕτως
1529 2741 1791 2792 ὡπλισμένοι
1822 2741 1883 2792 ὡς

328 2811 391 2852 ὅτι
423 2812 689 2862 προσωτάτω
721 2814 945 2864 ταχθέντες
985 2813 1190 2864 μάχεσθαι
1223 2813 1320 2868 Cyr.
1353 2813 1395 2854 ΙΙ
1430 2814 1467 2866 1,
1494 2814 1561 2854 11.
1606 2812 1790 2863 τράπεζα
1821 2811 1881 2863 ὡς

327 2883 469 2934 φίλοις
518 2884 785 2933 μεταδιδόναι
831 2884 986 2934 ἱκανῶς
1034 2884 1322 2940 κεκοσμημένη
1363 2884 1430 2924 καὶ
1469 2883 1528 2933 ὡς
1569 2877 1644 2925 τὸν
1682 2883 1814 2924 καλόν
1844 2896 1884 2924 τι

327 2956 533 2995 ποιοῦντα
566 2955 844 3005 ἐπιγεραίρειν
877 2954 973 3009 Cyr.
1007 2955 1112 2996 VIII
1144 2946 1278 3008 6,11.

469 3025 603 3069 Venio
636 3024 692 3069 ad
724 3026 784 3078 ὡς
808 3026 1135 3070 eonseeutivum.
1198 3026 1338 3081 Atque
1366 3028 1412 3069 ut
1434 3023 1583 3069 eodem
1605 3023 1753 3069 ordine
1772 3027 1882 3081 utar,
