2034 3458
888 267 1121 309 ..57-

217 391 319 438 ὗσαι
350 394 398 437 ἐν
429 393 557 437 πέντε
588 394 779 450 ἡμέρῃσι,
812 394 925 436 ὥστε
956 395 990 436 εἰ
1013 394 1190 446 ἐχιόνιζε
1213 391 1312 435 ὕετο
1335 392 1388 434 ἂν
1411 392 1544 434 ταῦτα
1567 390 1617 434 τὰ
1641 391 1788 444 χωρία.

214 467 314 510 Her.
347 467 393 509 II
425 467 494 509 22.
526 467 596 509 43.
646 467 753 508 Xen.
787 467 886 521 ΟΠ.
923 466 942 507 Ι
974 466 1016 519 4,
1040 466 1080 507 3.
1134 466 1213 507 VII
1251 467 1288 518 1,
1317 466 1383 507 16.

361 541 400 592 β)
435 552 523 581 aor.
557 538 644 580 ind.
679 552 715 581 c.
750 538 822 580 ἄν;
856 539 1137 590 κατεφαίνετο
1170 537 1310 579 πάντα
1339 537 1533 586 αὐτόθεν,
1567 536 1680 578 ὥστε
1715 536 1793 577 οὐκ

214 609 269 654 ἂν
300 609 453 652 ἔλαθεν
486 610 736 662 ὁρμώμενος
770 610 794 651 ὁ
836 610 979 651 Κλέων
1017 613 1076 664 τῷ
1116 613 1287 663 στρατῷ
1338 607 1470 650 Thuc.
1505 609 1540 650 V
1575 608 1615 661 6,
1640 608 1680 648 3.
1732 607 1791 649 IV

217 681 288 737 78,
309 682 352 724 3.
401 682 510 724 Xen.
543 681 640 737 Cyr.
675 682 734 724 IV
768 682 809 735 ἵ),
833 683 874 723 6.
925 681 1053 735 Ages.
1093 683 1129 732 1,
1154 681 1224 722 26.

359 752 556 796 omnibus
605 758 747 795 autem
796 752 917 803 locis,
966 753 1037 796 ubi
1079 753 1139 803 ὡς
1186 751 1398 807 particula
1431 755 1586 805 exstat,
1621 750 1794 792 demon-

214 825 440 868 strativum
472 824 713 881 praecedit:

358 898 404 950 α)
437 896 605 952 imperf.
639 910 676 939 c.
710 896 782 939 ἄν;
815 897 854 938 0‘1
889 897 935 938 δὲ
964 895 1261 946 ἀπελογοῦντο
1290 895 1349 946 ὡς
1373 895 1452 936 οὐκ
1474 894 1527 936 ἄν
1550 908 1654 936 ποτε
1678 893 1793 936 οὕτω

215 970 350 1021 μῶροι
383 968 496 1020 ἦσαν
535 969 608 1020 ὡς,
657 969 692 1010 εἰ
731 957 894 1023 ᾔδεσαν
934 967 1368 1019 καταλαμβανόμενον
1408 967 1485 1008 τὸν
1517 966 1713 1020 Πειραιᾶ,
1747 967 1794 1007 ἐν

214 1044 276 1096 τῷ
309 1039 431 1083 ἄστει
463 1041 517 1083 ἂν
550 1042 824 1093 ὑποχειρίους
858 1041 1018 1091 αὑτοὺς
1051 1043 1258 1091 παρεῖχον
1299 1040 1409 1081 Xen.
1444 1039 1554 1080 Hell.
1590 1039 1625 1080 V
1658 1039 1699 1087 4,
1723 1041 1793 1080 22.

364 1114 404 1165 β)
439 1106 527 1155 aor.
561 1111 648 1154 ind.
684 1126 720 1154 c.
755 1111 826 1153 ἄν;
881 1112 1007 1162 εὐθὺς
1041 1112 1066 1162 ἡ
1103 1110 1299 1163 Ἀριάδνη
1333 1110 1561 1152 ἀκούσασα
1593 1111 1796 1152 τοιοῦτόν

215 1198 255 1227 τι
291 1184 498 1236 ἐποίησεν
537 1184 597 1235 ὡς
638 1186 724 1235 πᾶς
765 1183 818 1225 ἂν
856 1183 967 1234 ἔγνω
1009 1182 1073 1224 ὅτι
1114 1182 1277 1234 ἀσμένη
1311 1183 1470 1233 ἤκουσε
1518 1182 1627 1223 ch.
1662 1182 1794 1223 Conv.

216 1255 259 1310 9,
281 1255 323 1298 3.
370 1256 414 1310 4,
437 1256 508 1298 21.

362 1327 624 1383 Imperativo
657 1327 853 1381 denique,
888 1340 1013 1381 quem
1046 1325 1284 1368 invenimus
1318 1326 1418 1367 Her.
1454 1326 1516 1369 IX
1549 1326 1621 1367 42.
1656 1325 1794 1368 Thuc.

216 1399 237 1442 Ι
273 1400 436 1452 124,1.
501 1399 560 1442 VI
593 1400 664 1453 91,
688 1399 730 1440 4.
794 1399 878 1441 VII
910 1399 982 1453 63,
1005 1399 1047 1440 4.
1112 1399 1182 1452 64,
1212 1398 1253 1439 2.
1320 1397 1429 1439 Xen.
1463 1397 1562 1452 Cyr.
1596 1398 1616 1439 Ι
1649 1398 1690 1451 3,
1726 1399 1792 1439 18.

217 1471 351 1515 Oonv.
384 1472 426 1526 2,
449 1472 491 1514 9.
539 1472 581 1526 4,
607 1472 676 1526 16,
709 1485 924 1525 nunquam
957 1469 1339 1513 demonstrativum
1372 1469 1631 1525 praecedere
1668 1483 1793 1525 posse

216 1547 412 1600 apparet.

362 1614 606 1658 Clarissime
639 1619 782 1658 autem
815 1615 983 1668 docent,
1019 1627 1145 1668 quam
1178 1613 1261 1656 levi
1286 1613 1456 1656 vinculo
1480 1613 1716 1655 sententiac
1739 1614 1793 1655 ab

217 1687 332 1729 ὥστε
378 1686 634 1743 incipientes
685 1701 779 1730 cum
828 1685 1181 1729 antecedentibus
1229 1685 1509 1739 cohaereant,
1558 1686 1794 1727 sententiae

216 1758 565 1814 interrogativae,
599 1772 709 1813 quae
741 1772 824 1800 non
857 1759 918 1800 ita
951 1771 1046 1800 raro
1080 1758 1192 1799 ὥστε
1240 1756 1493 1812 particulam
1542 1761 1792 1810 sequuntur:

218 1830 355 1874 Thuc.
389 1831 450 1874 VI
484 1831 553 1885 18,
580 1832 618 1873 1.
666 1831 778 1873 Xen.
812 1830 911 1886 Cyr.
946 1830 1006 1872 IV
1039 1830 1080 1883 3,
1104 1830 1175 1871 20.
1225 1829 1331 1871 VIII
1353 1829 1395 1878 4,
1423 1830 1490 1869 11.
1541 1829 1579 1882 7,
1599 1829 1640 1870 9.
1683 1829 1793 1870 Hell.

219 1902 280 1946 VI
315 1904 354 1958 1,
378 1903 418 1945 7.
467 1902 506 1953 Γ),
527 1903 601 1945 42.
650 1902 788 1945 Anab.
821 1902 864 1944 II
897 1902 939 1956 4,
963 1902 1005 1944 6.

361 1974 430 2017 De
461 1973 668 2030 simplicis
700 1974 881 2030 optativi
914 1987 992 2016 usu
1025 1988 1065 2016 v.
1098 1987 1139 2028 p.
1163 1973 1236 2014 49.

362 2047 431 2089 Ex
463 2060 540 2089 usu
572 2045 794 2089 modorum
828 2060 923 2089 cum
955 2045 1009 2087 ἄν
1041 2044 1359 2088 coniunctorum
1394 2043 1672 2086 derivandam
1703 2058 1796 2086 esse

217 2117 418 2161 infinitivi
450 2131 547 2161 cum
579 2117 633 2160 ἄν
666 2118 1023 2161 constructionem
1048 2116 1213 2159 censuit
1250 2116 1405 2158 Semne
1428 2130 1469 2171 1).
1488 2116 1546 2156 44
1569 2130 1630 2169 sq.
1673 2115 1795 2166 Quod

218 2203 478 2246 quamquam
509 2190 721 2232 nonnullis
753 2190 858 2232 locis
890 2189 1061 2244 probari
1094 2202 1219 2244 posse
1238 2187 1420 2241 videtur,
1455 2192 1597 2229 tamen
1626 2188 1796 2229 obstant

219 2266 262 2305 et
283 2262 428 2305 omnia
449 2263 709 2318 tragicorum
733 2262 932 2317 exempla
965 2260 1115 2316 (Sopli.
1149 2261 1214 2302 El.
1251 2260 1350 2302 755.
1387 2260 1515 2301 1316.
1549 2259 1600 2302 Ο.
1619 2259 1670 2301 R.
1695 2260 1795 2302 2374.

218 2333 377 2378 Trach.
410 2335 515 2388 669)
548 2338 590 2377 et
622 2339 710 2376 tam
742 2334 874 2376 multa
906 2333 1085 2375 aliorum
1119 2333 1386 2387 scriptorum,
1420 2335 1465 2373 ut
1490 2335 1608 2373 certa
1632 2331 1700 2372 lex
1724 2332 1796 2373 vix

218 2406 349 2450 statui
380 2406 530 2463 possit.

363 2478 428 2522 Ac
458 2478 642 2534 primum
675 2477 847 2532 quidem
881 2476 1203 2520 concedendum
1237 2480 1301 2518 est
1334 2479 1548 2517 servatam
1582 2488 1673 2517 cssc
1705 2489 1797 2530 par-

217 2550 392 2594 ticulam
425 2550 480 2593 ἄν
512 2564 566 2593 ex
598 2551 793 2593 oratione
826 2555 944 2592 recta
976 2549 1042 2592 his
1076 2549 1198 2590 locis:

362 2621 470 2665 εἶναι
518 2625 565 2665 δὲ
620 2626 833 2675 ταχυτῆτα
889 2622 1032 2664 οὐδενὶ
1074 2621 1204 2676 ἑτέρῳ
1246 2619 1408 2672 ὅμοιον,
1449 2618 1563 2661 οὕτω
1605 2619 1728 2669 ὥστε,
1762 2619 1797 2661 εἰ

220 2695 274 2747 μὴ
306 2694 626 2747 προλαμβάνειν
673 2695 775 2745 τοὺς
817 2692 976 2744 Ἰνδοὺς
1026 2696 1101 2744 τῆς
1141 2693 1246 2734 ὁδοῦ
1288 2692 1334 2734 ἐν
1375 2692 1409 2746 ᾧ
1442 2691 1544 2741 τοὺς
1579 2690 1796 2742 μύρμηκας

219 2766 519 2818 συλλέγεσθαι,
567 2767 725 2809 οὐδένα
773 2765 826 2807 ἄν
874 2776 1026 2818 σφεων
1064 2764 1369 2807 ἀποσώζεσθαι
1435 2763 1533 2805 Her.
1585 2763 1647 2804 [II
1700 2763 1795 2803 1023.

219 2839 386 2891 ἐνόμιζε
426 2841 504 2880 τοῦ
544 2838 688 2880 αὑτῶν
736 2837 1032 2889 στρατοπέδου
1082 2838 1306 2888 καταφανῆ
1347 2835 1400 2876 ἂν
1433 2833 1540 2876 εἶναι
1573 2833 1713 2875 πάντα
1746 2834 1797 2875 τὰ

221 2911 510 2964 ἁμαρτήματα,
543 2909 656 2952 ὥστε
688 2910 975 2962 προσπίπτειν
1006 2908 1060 2950 ἂν
1091 2908 1250 2958 αὐτοὺς
1284 2906 1623 2958 ἀπροσδοκήτως
1647 2906 1671 2959 ᾖ
1698 2905 1795 2957 βού-

222 2985 383 3027 λοιντο.
417 2981 554 3024 Thuc.
591 2982 649 3024 IV
683 2982 753 3036 29,
778 2982 819 3022 23.
893 2980 1108 3032 Βρασίδας
1142 2980 1209 3021 καὶ
1241 2979 1290 3020 τὸ
1323 2977 1566 3029 στράτευμα
1599 2977 1796 3027 ἐνόμιζον
