2034 3458
815 287 1045 325 „29-

283 403 324 449 7.
357 404 479 458 ὅστις
513 420 549 450 0.
582 421 645 464 pr.
678 408 766 451 ind.
830 409 922 452 οὐδ’
958 411 1040 463 ἄρα
1062 426 1109 463 γε
1141 413 1166 464 ἡ
1191 417 1243 465 γῆ
1266 413 1482 471 ἀνθρώπῳ
1505 414 1595 458 ἐστὶ
1618 414 1715 469 χρή-

8 527 10 532 ,
138 474 260 531 ματα,
291 477 415 530 ὅστις
448 478 589 531 οὕτως
623 481 841 532 ἐργάζεται
864 483 998 535 αὐτὴν
1020 483 1133 526 ὥστε
1155 488 1407 536 Ζημιοῦσθαι
1430 488 1714 540 ἐργαζόμενος

0 555 10 610 (¹
56 568 80 588 ῆι
111 547 243 604 γ000.
278 550 316 601 1,
337 550 379 593 8.
432 550 594 594 Comm.
627 552 670 594 ΙΙ
703 553 741 603 6,
763 554 805 595 5.

279 620 325 675 b)
357 621 583 665 Sententia
614 624 875 667 antecedens
906 625 1066 681 pendet

283 693 323 735 1.
355 693 400 736 in
439 693 648 737 infinitivo
686 697 827 751 posita
890 699 934 749 α)
975 712 1001 740 a
1040 699 1183 741 verbis
1223 699 1492 744 declarandi:
1541 702 1713 754 ἔφασαν

135 763 241 816 τοὺς
273 765 542 817 στρατιώτας
573 767 633 818 εἰς
666 770 795 810 τοῦτο
827 772 994 821 τρυφῆς
1027 770 1167 812 ἐλθεῖν
1201 770 1305 813 ὥστ’
1341 772 1419 814 οὐκ
1451 774 1612 816 ἐθέλειν
1645 775 1712 816 πί-

0 883 11 903 „⁴
137 849 238 887 νειν,
270 836 307 879 εἰ
338 838 392 889 μὴ
425 837 664 890 ἀνθοσμίας
698 839 761 890 εἴη
797 840 906 882 Hell.
932 841 1055 895 V12,
1079 842 1120 883 6.
1169 844 1430 895 πολεμήσειν
1462 845 1712 897 ὑπισχνεῖτο

0 905 9 970 ³3
135 910 230 960 τοῖς
263 907 514 961 Ἀθηναίοις,
555 909 668 952 ὥστε
709 912 762 962 μὴ
804 911 916 963 ἔχειν
964 913 1143 965 ἐκείνοις
1183 917 1325 966 καλῶς
1366 916 1417 958 τὰ
1449 917 1496 958 ἐν
1529 916 1712 969 Ἑλλησ-

0 1008 2 1011 v
137 980 286 1037 πόντῳ
317 980 430 1023 Hell.
463 981 525 1024 IV
557 982 596 1032 8,
618 983 689 1024 32.
734 982 833 1038 Cyr.
868 984 887 1025 Ι
920 986 958 1034 2,
985 986 1022 1026 1.
1073 986 1112 1035 3,
1134 986 1175 1027 9.
1219 987 1279 1029 IV
1312 988 1350 1037 2,
1378 988 1443 1029 15.
1487 989 1548 1030 VI
1584 990 1618 1039 1,
1645 990 1712 1031 19.

0 1042 8 1108 ξ
137 1051 251 1095 Hell.
289 1052 333 1094 II
376 1054 505 1103 1,14.
565 1054 649 1096 VII
691 1056 726 1104 1,
749 1056 820 1097 31.
879 1056 1017 1098 Anah.
1059 1057 1097 1098 V
1136 1057 1174 1107 6,
1197 1058 1268 1100 25.
1327 1059 1488 1102 00111111.
1527 1061 1547 1102 Ι
1579 1061 1618 1110 2,
1641 1061 1712 1103 52.

0 1109 24 1183 ξ·
137 1122 183 1166 11
217 1124 254 1174 1,
275 1124 334 1167 22
373 1123 488 1178 (bis).
529 1125 590 1167 lv
624 1126 661 1175 7,
692 1127 733 1167 2.
814 1128 853 1179 β)
888 1127 942 1169 ab
991 1128 1086 1170 aliis
1133 1129 1416 1172 elocutionum
1464 1132 1712 1186 generibus:

139 1194 290 1240 ἔδοξεν
321 1196 368 1238 ἐν
395 1197 546 1248 πέδαις
569 1198 781 1248 δεδέσθαι,
814 1198 938 1240 αὗται
962 1201 1007 1240 δὲ
1031 1200 1147 1255 αὐτῷ
1170 1201 1404 1253 αὐτόμαται
1426 1207 1714 1255 περιρρυῆναι,

0 1260 6 1309 ἰ
139 1266 254 1310 ὥστε
293 1269 472 1320 λυθῆναι
513 1270 580 1310 καὶ
622 1270 855 1322 διαβαίνειν
895 1270 1065 1313 ὁπόσον
1097 1272 1300 1324 ἐβούλετο
1346 1273 1484 1317 Anab.
1518 1275 1579 1317 IV
1611 1275 1650 1325 3,
1673 1276 1713 1317 8.

2 1351 6 1353 ’
139 1337 247 1395 Cyr.
273 1339 312 1383 V
343 1339 383 1390 5,
409 1341 477 1382 10.
533 1340 633 1396 Cyr.
667 1341 688 1383 Ι
720 1342 761 1395 6,
788 1342 841 1383 18
877 1343 933 1395 (v.
975 1357 1016 1398 p.
1049 1343 1154 1395 58.).
1222 1345 1426 1396 πλείονας
1475 1346 1528 1387 ἂν
1572 1347 1713 1401 ᾤοντο

141 1412 290 1464 λαβεῖν
322 1411 370 1454 ἑν
390 1416 440 1467 τῇ
474 1411 623 1467 ἀγορᾷ,
657 1412 770 1455 ὥστε
802 1412 1050 1456 ἀποκτεῖναι
1083 1415 1193 1456 Hell.
1217 1415 1277 1458 IV
1299 1416 1338 1466 4,
1360 1417 1401 1458 2.
1462 1420 1554 1468 τοῖς
1587 1421 1712 1460 πολε-

139 1483 252 1535 μίοις
293 1484 526 1536 βουλοίμην
566 1484 619 1526 ἂν
657 1484 821 1537 εὔπορα
861 1485 1002 1527 πάντα
1040 1487 1269 1538 φαίνεσθαι
1318 1487 1431 1530 ὥστε
1468 1488 1712 1542 ἀποχωρεῖν

138 1554 279 1598 Anah.
312 1555 373 1598 VI
404 1555 444 1606 5,
479 1556 547 1598 18.
610 1555 772 1608 ἀνάγκη
822 1557 913 1599 ἐστὶ
961 1558 1226 1610 ἐκθλίβεσθαι
1274 1560 1375 1611 τοὺς
1417 1560 1596 1612 ὁπλίτας
1645 1563 1712 1603 καὶ

138 1626 400 1679 πορεύεσθαι
431 1628 646 1680 πονήρως,
680 1627 793 1670 ὥστε
832 1630 1128 1681 δυςχρήστους
1162 1630 1270 1672 εἶναι
1310 1631 1447 1674 Anab.
1482 1633 1548 1674 III
1579 1634 1617 1683 4,
1644 1634 1711 1675 19.

137 1697 313 1751 ἁπάσας
360 1700 437 1753 (sc.
485 1700 682 1752 φυλακὰς
730 1700 933 1753 ἀφαιρεῖν
981 1702 1322 1755 συμβουλεύσω),
1370 1703 1493 1746 ἕνεκά
1540 1718 1587 1755 γε
1634 1707 1711 1746 τοῦ

138 1769 280 1823 οὕτως
320 1771 454 1823 αὐτὰς
494 1772 787 1824 φυλάττεσθαι
827 1772 940 1815 ὥστε
981 1774 1235 1816 κλέπτεσθαι
1275 1775 1327 1816 τὰ
1366 1775 1412 1816 ἐκ
1449 1779 1523 1827 τῆς
1565 1776 1709 1828 χώρας

125 1842 301 1887 comm.
334 1843 400 1886 III
432 1843 565 1894 6,11.
627 1845 677 1887 τὸ
710 1843 760 1895 δ’,
794 1844 897 1886 οὕτο
937 1846 1013 1897 μὲν
1046 1846 1151 1887 κατὰ
1190 1847 1338 1898 μικρὸν
1377 1848 1602 1898 προσιέναι
1634 1849 1711 1890 τὸν

100 1914 103 1916 ”
137 1914 273 1968 ἥλιον,
320 1914 436 1957 οὕτω
477 1916 524 1957 δὲ
562 1916 668 1958 κατὰ
706 1918 855 1968 μικρὸν
900 1916 1070 1958 ἀπιέναι
1103 1917 1216 1959 ὥστε
1250 1918 1478 1960 λανθάνειν
1509 1919 1618 1971 ἡμὰς
1652 1920 1711 1971 εἰς

138 1985 318 2039 ἑκάτερα
356 1987 409 2029 τὰ
457 1987 718 2039 ἰσχυρότατα
765 1989 1124 2040 καθισταμένους;
1185 1990 1262 2041 (se.
1310 2003 1449 2032 nonne
1496 1990 1711 2032 hominum

139 2071 271 2102 causa
298 2058 395 2113 fit?)
436 2059 597 2102 Comm.
622 2060 697 2115 [IV
720 2061 758 2110 3,
781 2060 838 2115 9.]
879 2061 1011 2103 Οοιιν.
1044 2061 1083 2111 4,
1116 2062 1187 2102 54.
1229 2061 1389 2104 Colum.
1419 2063 1462 2104 II
1488 2064 1522 2113 1,
1545 2063 1571 2104 3
1596 2063 1710 2117 (bis).

280 2132 323 2174 2.
355 2131 400 2174 in
431 2131 659 2187 participio
692 2132 833 2187 posita
860 2146 886 2174 a
910 2133 1050 2175 verbis
1072 2133 1281 2175 sentiendi
1304 2133 1419 2175 sim.:
1454 2135 1506 2175 τὰ
1539 2133 1576 2176 δ’
1601 2134 1711 2177 ἄλλα

127 2202 332 2256 χρήματα
363 2203 418 2245 σὺ
451 2202 689 2254 ἀπαγαγὼν
722 2204 925 2258 φύλαττε,
965 2202 1053 2246 ἔστ’
1096 2205 1149 2246 ἂν
1181 2205 1252 2256 ἐμὲ
1284 2205 1378 2260 ἰ’δῃς
1412 2205 1566 2257 ἔχοντα
1598 2206 1710 2248 ὥστε

137 2277 220 2318 σοῦ
243 2277 298 2327 μὴ
319 2275 527 2327 ἡττᾶσθαι
555 2275 929 2327 ἀντιδωρούμενον
962 2276 1061 2331 Cyr.
1080 2277 1118 2318 V
1135 2277 1174 2326 4,
1192 2277 1262 2318 32.
1287 2277 1448 2319 00111111.
1474 2277 1550 2332 [IV
1567 2278 1606 2328 3,
1628 2278 1710 2333 10.]

136 2346 223 2400 ἔχω
254 2347 459 2392 ἐπιδεῖξαι
490 2349 557 2390 καὶ
597 2350 761 2398 γυναιξὶ
801 2351 894 2399 ταῖς
927 2351 1128 2400 γαμεταῖς
1162 2349 1263 2399 τοὺς
1297 2350 1372 2401 μὲν
1405 2349 1519 2391 οὕτω
1552 2351 1711 2402 χρωμέ-

123 2416 242 2471 Ινους
290 2418 404 2462 ὥστε
451 2420 692 2471 συνεργοὺς
741 2420 853 2471 ἔχειν
900 2420 1033 2471 αὐτάς
1098 2419 1199 2462 Oec.
1241 2420 1279 2469 3,
1311 2421 1379 2462 10.
1433 2420 1565 2463 Conv.
1599 2422 1637 2471 9,
1669 2422 1710 2463 6.

137 2491 196 2545 (v.
229 2505 271 2547 p.
303 2491 395 2544 58.)

281 2563 322 2606 3.
362 2564 417 2606 ab
458 2563 523 2606 ὅτι
562 2555 859 2606 eoninnetiolle
898 2567 995 2619 post
1033 2564 1165 2605 verba
1203 2562 1461 2613 declarandi,
1502 2564 1710 2606 sentiendi

136 2634 251 2678 sim.:
291 2634 443 2686 ἔλεγον
475 2635 539 2678 ὅτι
571 2636 597 2687 ἡ
630 2636 814 2687 γεωργία
847 2635 960 2677 οὕτω
994 2635 1303 2687 φιλάνθρωπός
1337 2635 1427 2677 ἐστι
1461 2637 1526 2677 καὶ
1557 2639 1712 2687 πραεῖα

136 2707 264 2759 τέχνη
313 2708 427 2750 ὥστε
475 2708 543 2749 καὶ
591 2707 786 2760 ὁρῶντας
836 2709 903 2749 καὶ
951 2707 1190 2758 ἀκούοντας
1247 2707 1535 2759 ἐπιστήμονας
1584 2708 1710 2759 εὐθὺς

137 2778 292 2831 ἑαυτῆς
324 2782 466 2822 ποιεῖν
514 2779 616 2823 Oee.
654 2780 719 2829 19,
747 2780 812 2821 17.
873 2779 1033 2821 Oomm.
1068 2779 1133 2820 III
1166 2779 1204 2828 9,
1238 2779 1278 2820 8.
1347 2779 1608 2830 κατενόησεν
1646 2778 1710 2820 ὅτι

137 2849 233 2894 οἷόν
254 2865 300 2893 τε
322 2850 385 2903 εἴη
409 2852 674 2903 ποιήσασθαι
698 2852 811 2893 ὥστε
834 2850 953 2901 ἄγειν
977 2851 1076 2905 Cyr.
1101 2850 1160 2892 VI
1182 2851 1216 2899 1,
1234 2850 1306 2891 52.
1350 2850 1510 2892 00111111.
1538 2851 1557 2892 Ι
1581 2851 1620 2900 4,
1643 2851 1710 2892 18.

137 2921 177 2972 3,
202 2922 270 2964 13.
314 2923 357 2964 II
381 2923 418 2972 7,
440 2923 481 2965 6.
517 2922 594 2977 [IV
626 2924 664 2973 8,
690 2922 743 2977 1.]
778 2924 835 2975 (ν.
868 2937 910 2978 p.
934 2923 1037 2974 58).
1102 2923 1168 2963 καὶ
1202 2922 1436 2973 σύμπασαν
1467 2923 1545 2973 τὴν
1574 2922 1710 2963 οἰκίαν

138 2994 332 3038 ἐπέδειξα
364 2995 470 3050 αὐτῇ
504 2994 569 3036 ὅτι
610 2996 719 3046 πρὸς
753 2995 1016 3046 μεσημβρίαν
1055 2993 1349 3035 ἀναπέπταται
1382 2995 1494 3034 ὥστε
1527 2993 1710 3044 εὔδηλον

1427 3066 1450 3099 3
