2034 3458
1036 360 1267 395 -34-

376 480 487 522 ὥστε
527 480 715 531 ἀνάγκην
755 480 862 522 εἶναι
905 479 1081 532 φεύγειν
1121 481 1226 531 ταχὺ
1268 481 1369 531 τοὺς
1410 480 1496 522 ἀπὸ
1536 483 1623 522 τῶν
1663 480 1806 524 οἰκιῶν
1837 480 1936 538 Cyr.

382 552 462 593 VII
494 551 536 605 5,
559 551 629 593 23.

518 624 559 664 2.
612 636 699 664 aor.
733 622 807 664 inf.
871 624 913 675 α)
953 626 1048 677 post
1087 636 1224 678 praes.
1264 622 1351 664 ind.
1393 624 1614 666 λείπουσιν
1653 624 1692 665 οἱ
1733 623 1938 677 βάρβαροι

381 693 562 745 ἀμαχητὶ
595 695 671 735 τὸν
704 694 878 745 μαστόν,
919 693 1031 734 ὥστε
1064 694 1310 744 θαυμαστὸν
1342 696 1447 735 πᾶσι
1479 695 1677 744 γενέσθαι
1708 694 1844 738 Anab.
1876 694 1938 738 IV

380 766 420 818 2,
449 765 515 806 15.
581 766 620 817 β)
661 768 757 819 post
789 765 952 819 imperf.
987 764 1088 806 ἔνθα
1121 765 1171 815 δὴ
1212 765 1251 806 οἱ
1291 764 1574 807 ἀνοσιώτατοι
1614 765 1832 818 ἔσφαττον
1869 766 1937 808 καὶ

379 837 487 887 πρὸς
520 838 612 886 τοῖς
644 835 794 886 ἱεροῖς·
843 834 945 876 ὥστ’
980 836 1120 885 ὲνίους
1153 836 1219 876 καὶ
1253 837 1339 876 τῶν
1379 836 1429 876 οὐ
1468 836 1742 887 τυπτομένων
1781 836 1936 888 ἀδημο-

381 909 508 957 νῆσαι
541 907 616 956 τὰς
646 906 788 957 ψυχάς
821 906 931 947 Hell.
955 906 1015 947 IV
1037 906 1077 959 4,
1097 906 1137 947 3.
1172 905 1334 961 Cyneg.
1361 907 1398 959 1,
1420 907 1487 948 17.
1549 908 1591 959 γ)
1622 910 1718 962 post
1739 920 1827 950 aor.
1849 906 1936 950 ind.

383 976 541 1028 Ἀχαιοὶ
573 977 674 1027 τοὺς
707 977 905 1027 ἐποίκους
938 976 1200 1028 προύδοσαν,
1245 976 1356 1018 ὥστε
1388 976 1623 1019 ἀπολέσθαι
1655 978 1798 1020 αὐτῶν
1828 979 1938 1030 πρὸς

376 1048 658 1098 ἑπτακοσίους
692 1048 808 1089 Hell.
832 1048 852 1088 Ι
875 1049 915 1101 2,
943 1048 1006 1089 18.
1040 1047 1144 1101 114,
1172 1049 1238 1089 11.

518 1119 559 1160 3.
606 1118 713 1173 perf.
748 1119 842 1173 (pr.)
877 1117 949 1159 inf.
1013 1119 1056 1170 α)
1096 1123 1192 1173 post
1230 1126 1368 1173 praes.
1409 1118 1495 1161 ind.
1528 1119 1728 1171 παίοντες
1760 1120 1936 1178 ἐκπλήτ-

376 1200 529 1231 τουσιν
565 1189 677 1231 ὥστε
709 1189 961 1240 τεταράχθαι
994 1191 1060 1231 καὶ
1092 1190 1350 1231 κινδυνεύειν
1382 1190 1433 1231 R.
1458 1203 1552 1244 equ.
1579 1191 1646 1245 10,
1669 1191 1709 1232 2.
1771 1192 1811 1244 β)
1841 1194 1938 1247 post

377 1260 543 1315 imperf.
579 1261 790 1311 Κλέαρχος
823 1261 1008 1311 ἤλαυνεν
1041 1261 1107 1302 ἐπὶ
1139 1262 1240 1311 τοὺς
1275 1262 1494 1312 Μένωνος,
1527 1260 1629 1303 ὥστ’
1663 1262 1850 1314 ἐκείνους
1872 1262 1936 1304 ἐκ·

378 1334 616 1382 πεπλῆχθαι
649 1332 715 1372 καὶ
749 1331 880 1372 αὐτὸν
914 1331 1098 1372 Μένωνα
1130 1333 1196 1372 καὶ
1229 1332 1391 1383 τρέχειν
1423 1333 1490 1373 ἐπὶ
1521 1333 1574 1374 τὰ
1606 1331 1719 1374 ὅπλα
1749 1333 1887 1376 Anab.
1915 1333 1936 1376 I

376 1403 419 1456 5,
447 1403 513 1443 13.
548 1403 589 1443 II
610 1402 653 1461 4,
677 1402 747 1443 26.
810 1403 851 1454 γ)
883 1406 978 1457 post
1011 1416 1097 1444 aor.
1127 1402 1214 1444 ind.
1247 1403 1535 1454 ἐλοιδόρησεν,
1568 1403 1680 1446 ὥστε
1710 1405 1788 1446 τὸν
1815 1403 1936 1456 Ἀρά-

378 1483 495 1514 σπαν
633 1473 903 1515 ἀπολωλέναι
936 1478 995 1529 τῷ
1028 1474 1151 1529 φόβῳ
1185 1474 1283 1529 Cyr.
1315 1475 1374 1516 VI
1410 1475 1536 1528 1,35.
1599 1475 1640 1527 δ)
1671 1479 1768 1530 post
1797 1474 1935 1531 plusq.

382 1545 515 1595 Κῦρος
550 1545 655 1595 ταχὺ
689 1547 780 1595 τοῖς
810 1545 1050 1595 ἡλικιώταις
1074 1546 1357 1596 συνεκέκρατο
1380 1545 1491 1587 ὥστε
1514 1546 1678 1597 οἰκείως
1701 1549 1936 1590 διακεῖσθαι

378 1615 476 1669 Cyr.
511 1616 530 1655 I
562 1616 603 1669 4,
631 1616 668 1656 1.

520 1685 723 1728 Videmus
755 1686 885 1741 igitur
917 1687 1124 1728 infinit-ivo
1148 1687 1259 1729 ὥστε
1292 1688 1501 1742 particula
1532 1687 1774 1730 introducto
1806 1688 1935 1731 etiam

377 1757 715 1799 consecutionem
748 1758 791 1799 in
823 1758 937 1800 facto
975 1759 1156 1814 positam
1196 1759 1373 1814 exprimi
1413 1763 1540 1813 atque
1578 1773 1663 1801 non
1702 1759 1850 1814 solum,
1897 1759 1935 1817 si

376 1829 585 1870 sententia
618 1830 889 1871 consecutiva
922 1843 1016 1871 eum
1049 1829 1327 1872 antecedente
1359 1830 1605 1885 pronomine
1635 1830 1704 1873 vel
1732 1829 1941 1873 adverbio·

376 1888 708 1942 demonstrativo
740 1900 972 1955 praemisso
1005 1902 1136 1943 artius
1169 1901 1380 1955 cohaeret,
1420 1900 1494 1943 sed
1527 1901 1669 1956 etiam,
1709 1901 1744 1943 si
1775 1895 1935 1944 nussum

376 1970 463 2012 fere
495 1971 708 2012 vinculum
741 1972 907 2013 exsistit
940 1973 1048 2013 inter
1079 1976 1299 2025 utramque
1331 1973 1595 2026 sententiam,
1628 1972 1689 2014 ita
1715 1976 1762 2014 ut
1783 1972 1827 2014 in
1848 1971 1936 2014 edi-

377 2042 488 2082 tione
521 2041 819 2084 Teubneriana
852 2043 1021 2096 quidem
1054 2044 1272 2098 permultis
1304 2043 1410 2085 locis
1450 2044 1564 2098 (Cyr.
1599 2044 1636 2085 V
1668 2043 1709 2097 ὃ,
1731 2043 1804 2085 40.
1851 2043 1950 2086 VII*

380 2114 416 2165 1,
440 2113 510 2153 24.
543 2113 584 2166 5,
608 2113 678 2154 23.
742 2113 852 2154 Hell.
886 2114 946 2155 IV
978 2114 1019 2166 4,
1043 2114 1083 2155 3.
1116 2114 1158 2167 4,
1185 2114 1252 2155 19.
1315 2114 1452 2156 Anab.
1487 2115 1506 2155 I
1539 2114 1579 2168 9,
1607 2114 1674 2156 15.
1724 2114 1768 2155 II
1799 2114 1840 2168 3,
1866 2114 1934 2156 11.

375 2185 415 2237 4,
435 2184 504 2225 26.
539 2184 603 2225 ΙΙΙ
625 2185 666 2238 4,
686 2185 756 2226 22.
791 2185 850 2226 IV
876 2185 914 2238 7,
938 2186 1004 2226 17.
1038 2185 1119 2227 VII
1143 2185 1183 2238 8,
1202 2186 1272 2226 23.
1306 2185 1386 2240 Rp.
1409 2185 1513 2227 Lac.
1537 2186 1578 2239 2,
1596 2185 1637 2227 2.
1670 2184 1712 2239 5,
1730 2185 1771 2226 6.
1807 2185 1875 2239 12,
1892 2184 1934 2227 5.
1988 2217 1995 2226 ..

377 2254 537 2309 Cyneg.
572 2256 639 2309 13,
666 2257 736 2308 17)
778 2256 845 2298 vel
886 2256 1113 2298 semicolon
1152 2260 1333 2311 ponatur
1372 2260 1469 2298 ante
1509 2256 1760 2298 sententiam
1793 2268 1935 2298 conse-

377 2326 574 2367 cutivam.

518 2397 666 2450 Neque
707 2401 846 2439 tamen
887 2397 1104 2439 modorum
1150 2411 1269 2439 usum
1307 2397 1547 2452 Xenophon
1587 2397 1760 2452 sprevit,
1806 2397 1934 2440 immo

376 2467 544 2522 saepius
576 2467 712 2510 modis
745 2482 869 2521 quani
903 2468 1108 2510 infinitivo
1140 2482 1239 2510 usus
1271 2473 1356 2510 est:

517 2538 656 2592 Atque
688 2539 899 2581 invenitur
931 2539 1042 2580 ὥστε
1075 2540 1284 2594 particula
1317 2553 1410 2580 cum
1442 2539 1580 2581 modis
1614 2539 1839 2581 coniuncta

518 2612 559 2661 a)
606 2610 851 2664 pronomine
884 2610 951 2652 vel
984 2609 1187 2652 adverbio
1228 2609 1558 2651 demonstrativo
1597 2610 1829 2665 praemisso
1867 2609 1934 2653 his

375 2680 500 2723 locis:

521 2752 558 2791 1.
607 2765 744 2805 praes.
778 2751 863 2792 ind.
932 2753 975 2804 α)
1022 2756 1117 2806 post
1156 2764 1295 2806 praes.
1336 2751 1422 2792 ind.
1460 2753 1634 2793 πιθανοὶ
1673 2751 1813 2803 οὕτως
1853 2750 1933 2794 εἰσί

375 2835 487 2871 τινες
521 2823 633 2862 ὥστε
665 2823 765 2872 πρὶν
797 2822 950 2863 εἰδέναι
983 2823 1032 2863 τὸ
1065 2822 1443 2873 προσταττόμενον
1475 2822 1686 2873 πρότερον
1717 2823 1933 2864 πείθονται

377 2891 474 2946 Cyr.
509 2892 551 2933 II
584 2893 624 2945 2,
652 2893 705 2933 10
753 2892 873 2946 [VIII
906 2893 946 2946 8,
981 2892 1089 2946 10].,
1127 2893 1236 2949 Hell.
1269 2893 1331 2935 VI
1362 2893 1402 2946 3,
1429 2892 1496 2934 16.
1559 2892 1719 2934 Comm.
1752 2892 1795 2934 II
1826 2893 1867 2947 2,
1889 2893 1931 2935 3.

379 2962 480 3005 Oec.
507 2963 634 3016 1,22.
667 2963 796 3017 2l,3.
831 2963 961 3005 Conv.
984 2964 1025 3017 2,
1043 2964 1114 3005 20.
1147 2964 1188 3017 4,
1207 2963 1276 3005 35.
1310 2963 1352 3017 4,
1370 2963 1440 3005 36.
1472 2963 1514 3017 4,
1537 2963 1607 3005 38.
1639 2964 1680 3018 4,
1699 2963 1769 3005 38.
1800 2963 1843 3018 4,
1859 2963 1931 3006 48.

375 3032 491 3075 Hier.
518 3034 555 3087 1,
577 3034 643 3075 13.
668 3034 708 3087 3,
727 3033 766 3075 5.
792 3033 952 3089 Cyneg.
979 3035 1045 3088 10,
1067 3034 1118 3076 17
1130 3050 1140 3087 3
1170 3037 1266 3089 post
1287 3034 1537 3076 sententiam
1560 3033 1928 3090 interrogativum:
