<?xml version="1.0" encoding="UTF-8"?>
<!DOCTYPE html PUBLIC "-//W3C//DTD XHTML 1.0 Transitional//EN"
    "http://www.w3.org/TR/xhtml1/DTD/xhtml1-transitional.dtd">
<html xmlns="http://www.w3.org/1999/xhtml" xml:lang="en" lang="en">
 <head>
  <title>
</title>
<meta http-equiv="Content-Type" content="text/html;charset=utf-8" />
  <meta name='ocr-system' content='tesseract 3.04.00' />
  <meta name='ocr-capabilities' content='ocr_page ocr_carea ocr_par ocr_line ocrx_word'/>
</head>
<body>
  <div class='ocr_page' id='page_1' title='image "./dehosteparticula00wehmuoft_0016.png"; bbox 0 0 2034 3458; ppageno 0'>
   <div class='ocr_carea' id='block_1_1' title="bbox 1014 323 1221 358">
    <p class='ocr_par' dir='ltr' id='par_1_1' title="bbox 1014 323 1221 358">
     <span class='ocr_line' id='line_1_1' title="bbox 1014 323 1221 358; baseline -0.005 -9"><span class='ocrx_word' id='word_1_1' title='bbox 1014 323 1221 358; x_wconf 73' lang='lat'>..8-</span> 
     </span>
    </p>
   </div>
   <div class='ocr_carea' id='block_1_2' title="bbox 303 442 1899 1487">
    <p class='ocr_par' dir='ltr' id='par_1_2' title="bbox 345 442 1894 569">
     <span class='ocr_line' id='line_1_2' title="bbox 345 442 1894 500; baseline 0.001 -15"><span class='ocrx_word' id='word_1_2' title='bbox 345 443 451 496; x_wconf 85' lang='lat' dir='ltr'>tulit,</span> <span class='ocrx_word' id='word_1_3' title='bbox 486 443 720 485; x_wconf 85' lang='lat' dir='ltr'>oratoribus</span> <span class='ocrx_word' id='word_1_4' title='bbox 743 443 896 485; x_wconf 72' lang='lat' dir='ltr'>Atticis</span> <span class='ocrx_word' id='word_1_5' title='bbox 928 442 1097 496; x_wconf 86' lang='lat' dir='ltr'>quidem</span> <span class='ocrx_word' id='word_1_6' title='bbox 1131 442 1418 496; x_wconf 85' lang='lat' dir='ltr'>usitatissima,</span> <span class='ocrx_word' id='word_1_7' title='bbox 1452 442 1566 498; x_wconf 87' lang='lat' dir='ltr'>apud</span> <span class='ocrx_word' id='word_1_8' title='bbox 1589 443 1776 498; x_wconf 86' lang='lat' dir='ltr'>tragicos</span> <span class='ocrx_word' id='word_1_9' title='bbox 1796 448 1894 500; x_wconf 62' lang='lat' dir='ltr'>poe·</span> 
     </span>
     <span class='ocr_line' id='line_1_3' title="bbox 346 514 1812 569; baseline 0.001 -14"><span class='ocrx_word' id='word_1_10' title='bbox 346 520 409 556; x_wconf 80' lang='lat' dir='ltr'>tas</span> <span class='ocrx_word' id='word_1_11' title='bbox 441 519 480 555; x_wconf 82' lang='lat' dir='ltr'>et</span> <span class='ocrx_word' id='word_1_12' title='bbox 514 515 760 567; x_wconf 76' lang='lat' dir='ltr'>antiquioris</span> <span class='ocrx_word' id='word_1_13' title='bbox 792 527 942 569; x_wconf 83' lang='lat' dir='ltr'>prosae</span> <span class='ocrx_word' id='word_1_14' title='bbox 975 514 1176 555; x_wconf 85' lang='lat' dir='ltr'>orationis</span> <span class='ocrx_word' id='word_1_15' title='bbox 1208 514 1433 569; x_wconf 80' lang='lat' dir='ltr'>scriptores</span> <span class='ocrx_word' id='word_1_16' title='bbox 1465 514 1621 556; x_wconf 87' lang='lat' dir='ltr'>frustra</span> <span class='ocrx_word' id='word_1_17' title='bbox 1652 514 1812 568; x_wconf 84' lang='lat' dir='ltr'>quaeri.</span> 
     </span>
    </p>

    <p class='ocr_par' dir='ltr' id='par_1_3' title="bbox 303 583 1899 1051">
     <span class='ocr_line' id='line_1_4' title="bbox 488 583 1895 640; baseline 0.001 -14"><span class='ocrx_word' id='word_1_18' title='bbox 488 585 561 626; x_wconf 86' lang='lat' dir='ltr'>His</span> <span class='ocrx_word' id='word_1_19' title='bbox 593 585 834 640; x_wconf 76' lang='lat' dir='ltr'>praemissis</span> <span class='ocrx_word' id='word_1_20' title='bbox 865 585 948 626; x_wconf 85' lang='lat' dir='ltr'>iam</span> <span class='ocrx_word' id='word_1_21' title='bbox 980 583 1035 626; x_wconf 86' lang='lat' dir='ltr'>ad</span> <span class='ocrx_word' id='word_1_22' title='bbox 1069 598 1141 626; x_wconf 88' lang='lat' dir='ltr'>eos</span> <span class='ocrx_word' id='word_1_23' title='bbox 1172 584 1399 639; x_wconf 78' lang='lat' dir='ltr'>scriptores</span> <span class='ocrx_word' id='word_1_24' title='bbox 1421 584 1638 639; x_wconf 76' lang='lat' dir='ltr'>accedam,</span> <span class='ocrx_word' id='word_1_25' title='bbox 1671 598 1776 639; x_wconf 85' lang='lat' dir='ltr'>quos</span> <span class='ocrx_word' id='word_1_26' title='bbox 1797 584 1895 629; x_wconf 81' lang='lat' dir='ltr'>ube-</span> 
     </span>
     <span class='ocr_line' id='line_1_5' title="bbox 344 654 1898 711; baseline 0.003 -15"><span class='ocrx_word' id='word_1_27' title='bbox 344 656 428 696; x_wconf 78' lang='lat' dir='ltr'>rius</span> <span class='ocrx_word' id='word_1_28' title='bbox 460 655 558 696; x_wconf 81' lang='lat' dir='ltr'>mihi</span> <span class='ocrx_word' id='word_1_29' title='bbox 593 655 837 697; x_wconf 81' lang='lat' dir='ltr'>tractandos</span> <span class='ocrx_word' id='word_1_30' title='bbox 867 656 1087 710; x_wconf 74' lang='lat' dir='ltr'>proposui3</span> <span class='ocrx_word' id='word_1_31' title='bbox 1121 659 1248 708; x_wconf 83' lang='lat' dir='ltr'>atque</span> <span class='ocrx_word' id='word_1_32' title='bbox 1280 669 1374 697; x_wconf 93' lang='lat' dir='ltr'>eum</span> <span class='ocrx_word' id='word_1_33' title='bbox 1407 654 1596 697; x_wconf 84' lang='lat' dir='ltr'>ordinem</span> <span class='ocrx_word' id='word_1_34' title='bbox 1625 656 1817 711; x_wconf 77' lang='lat' dir='ltr'>servabo,</span> <span class='ocrx_word' id='word_1_35' title='bbox 1849 660 1898 700; x_wconf 82' lang='lat' dir='ltr'>ut</span> 
     </span>
     <span class='ocr_line' id='line_1_6' title="bbox 344 726 1899 782; baseline 0.003 -15"><span class='ocrx_word' id='word_1_36' title='bbox 344 726 476 780; x_wconf 78' lang='lat' dir='ltr'>primo</span> <span class='ocrx_word' id='word_1_37' title='bbox 509 726 601 767; x_wconf 87' lang='lat' dir='ltr'>loco</span> <span class='ocrx_word' id='word_1_38' title='bbox 634 740 684 767; x_wconf 82' lang='lat' dir='ltr'>ea</span> <span class='ocrx_word' id='word_1_39' title='bbox 717 726 911 780; x_wconf 86' lang='lat' dir='ltr'>exempla</span> <span class='ocrx_word' id='word_1_40' title='bbox 943 739 1195 778; x_wconf 84' lang='lat' dir='ltr'>enumerem,</span> <span class='ocrx_word' id='word_1_41' title='bbox 1244 739 1352 779; x_wconf 83' lang='lat' dir='ltr'>quae</span> <span class='ocrx_word' id='word_1_42' title='bbox 1383 726 1498 768; x_wconf 87' lang='lat' dir='ltr'>finali</span> <span class='ocrx_word' id='word_1_43' title='bbox 1538 739 1662 769; x_wconf 91' lang='lat' dir='ltr'>sensu</span> <span class='ocrx_word' id='word_1_44' title='bbox 1700 726 1899 782; x_wconf 81' lang='lat' dir='ltr'>praedita</span> 
     </span>
     <span class='ocr_line' id='line_1_7' title="bbox 303 784 1896 851; baseline 0.003 -15"><span class='ocrx_word' id='word_1_45' title='bbox 303 798 306 801; x_wconf 72' lang='grc'>“</span> <span class='ocrx_word' id='word_1_46' title='bbox 343 810 434 838; x_wconf 81' lang='lat' dir='ltr'>esse</span> <span class='ocrx_word' id='word_1_47' title='bbox 471 796 572 837; x_wconf 86' lang='lat' dir='ltr'>mihi</span> <span class='ocrx_word' id='word_1_48' title='bbox 612 796 829 850; x_wconf 78' lang='lat' dir='ltr'>videntur3</span> <span class='ocrx_word' id='word_1_49' title='bbox 879 784 1033 838; x_wconf 86' lang='lat' dir='ltr'>deinde</span> <span class='ocrx_word' id='word_1_50' title='bbox 1065 800 1251 838; x_wconf 84' lang='lat' dir='ltr'>statuere</span> <span class='ocrx_word' id='word_1_51' title='bbox 1292 797 1489 850; x_wconf 85' lang='lat' dir='ltr'>conabor,</span> <span class='ocrx_word' id='word_1_52' title='bbox 1538 810 1648 851; x_wconf 86' lang='lat' dir='ltr'>quae</span> <span class='ocrx_word' id='word_1_53' title='bbox 1687 797 1815 840; x_wconf 85' lang='lat' dir='ltr'>fuerit</span> <span class='ocrx_word' id='word_1_54' title='bbox 1851 798 1896 841; x_wconf 89' lang='lat' dir='ltr'>in</span> 
     </span>
     <span class='ocr_line' id='line_1_8' title="bbox 343 866 1896 924; baseline 0.003 -17"><span class='ocrx_word' id='word_1_55' title='bbox 343 866 560 908; x_wconf 84' lang='lat' dir='ltr'>sententiis</span> <span class='ocrx_word' id='word_1_56' title='bbox 600 867 880 909; x_wconf 87' lang='lat' dir='ltr'>consecutivis</span> <span class='ocrx_word' id='word_1_57' title='bbox 919 868 1046 909; x_wconf 87' lang='lat' dir='ltr'>solius</span> <span class='ocrx_word' id='word_1_58' title='bbox 1086 867 1280 909; x_wconf 87' lang='lat' dir='ltr'>infinitivi</span> <span class='ocrx_word' id='word_1_59' title='bbox 1318 868 1549 922; x_wconf 87' lang='lat' dir='ltr'>provincia,</span> <span class='ocrx_word' id='word_1_60' title='bbox 1597 873 1810 924; x_wconf 88' lang='lat' dir='ltr'>postremo</span> <span class='ocrx_word' id='word_1_61' title='bbox 1841 868 1896 912; x_wconf 89' lang='lat' dir='ltr'>de</span> 
     </span>
     <span class='ocr_line' id='line_1_9' title="bbox 343 937 1896 992; baseline 0.003 -14"><span class='ocrx_word' id='word_1_62' title='bbox 343 937 404 978; x_wconf 90' lang='lat' dir='ltr'>eis</span> <span class='ocrx_word' id='word_1_63' title='bbox 437 938 765 979; x_wconf 84' lang='lat' dir='ltr'>enuntiationum</span> <span class='ocrx_word' id='word_1_64' title='bbox 797 938 1023 991; x_wconf 82' lang='lat' dir='ltr'>generibus</span> <span class='ocrx_word' id='word_1_65' title='bbox 1055 952 1194 992; x_wconf 79' lang='lat' dir='ltr'>agam,</span> <span class='ocrx_word' id='word_1_66' title='bbox 1242 938 1314 980; x_wconf 92' lang='lat' dir='ltr'>ubi</span> <span class='ocrx_word' id='word_1_67' title='bbox 1353 943 1395 981; x_wconf 90' lang='lat' dir='ltr'>et</span> <span class='ocrx_word' id='word_1_68' title='bbox 1431 939 1662 982; x_wconf 90' lang='lat' dir='ltr'>infinitivus</span> <span class='ocrx_word' id='word_1_69' title='bbox 1700 944 1743 982; x_wconf 86' lang='lat' dir='ltr'>et</span> <span class='ocrx_word' id='word_1_70' title='bbox 1780 939 1896 983; x_wconf 87' lang='lat' dir='ltr'>modi</span> 
     </span>
     <span class='ocr_line' id='line_1_10' title="bbox 341 1008 922 1051; baseline 0.003 -3"><span class='ocrx_word' id='word_1_71' title='bbox 341 1008 445 1049; x_wconf 87' lang='lat' dir='ltr'>finiti</span> <span class='ocrx_word' id='word_1_72' title='bbox 479 1009 520 1049; x_wconf 88' lang='lat' dir='ltr'>in</span> <span class='ocrx_word' id='word_1_73' title='bbox 553 1022 673 1050; x_wconf 89' lang='lat' dir='ltr'>usum</span> <span class='ocrx_word' id='word_1_74' title='bbox 705 1014 922 1051; x_wconf 84' lang='lat' dir='ltr'>vocantur.</span> 
     </span>
    </p>

    <p class='ocr_par' dir='ltr' id='par_1_4' title="bbox 342 1078 1896 1487">
     <span class='ocr_line' id='line_1_11' title="bbox 483 1078 1896 1136; baseline 0.004 -17"><span class='ocrx_word' id='word_1_75' title='bbox 483 1078 642 1129; x_wconf 80' lang='lat' dir='ltr'>Quodsi</span> <span class='ocrx_word' id='word_1_76' title='bbox 674 1079 717 1120; x_wconf 90' lang='lat' dir='ltr'>in</span> <span class='ocrx_word' id='word_1_77' title='bbox 748 1080 953 1134; x_wconf 83' lang='lat' dir='ltr'>exemplis</span> <span class='ocrx_word' id='word_1_78' title='bbox 986 1079 1287 1122; x_wconf 90' lang='lat' dir='ltr'>distribuendis</span> <span class='ocrx_word' id='word_1_79' title='bbox 1318 1081 1446 1136; x_wconf 86' lang='lat' dir='ltr'>paulo</span> <span class='ocrx_word' id='word_1_80' title='bbox 1478 1081 1673 1124; x_wconf 85' lang='lat' dir='ltr'>subtilius</span> <span class='ocrx_word' id='word_1_81' title='bbox 1704 1086 1896 1126; x_wconf 76' lang='lat' dir='ltr'>versatus</span> 
     </span>
     <span class='ocr_line' id='line_1_12' title="bbox 342 1150 1896 1208; baseline 0.004 -18"><span class='ocrx_word' id='word_1_82' title='bbox 342 1162 431 1190; x_wconf 88' lang='lat' dir='ltr'>sum</span> <span class='ocrx_word' id='word_1_83' title='bbox 471 1154 597 1203; x_wconf 82' lang='lat' dir='ltr'>atque</span> <span class='ocrx_word' id='word_1_84' title='bbox 638 1164 719 1191; x_wconf 89' lang='lat' dir='ltr'>non</span> <span class='ocrx_word' id='word_1_85' title='bbox 760 1151 892 1192; x_wconf 85' lang='lat' dir='ltr'>solum</span> <span class='ocrx_word' id='word_1_86' title='bbox 932 1150 1149 1193; x_wconf 88' lang='lat' dir='ltr'>modorum</span> <span class='ocrx_word' id='word_1_87' title='bbox 1193 1156 1333 1194; x_wconf 85' lang='lat' dir='ltr'>varias</span> <span class='ocrx_word' id='word_1_88' title='bbox 1379 1152 1536 1195; x_wconf 86' lang='lat' dir='ltr'>formas</span> <span class='ocrx_word' id='word_1_89' title='bbox 1583 1152 1771 1208; x_wconf 83' lang='lat' dir='ltr'>distinxi,</span> <span class='ocrx_word' id='word_1_90' title='bbox 1818 1153 1896 1196; x_wconf 84' lang='lat' dir='ltr'>sed</span> 
     </span>
     <span class='ocr_line' id='line_1_13' title="bbox 344 1221 1896 1279; baseline 0.005 -18"><span class='ocrx_word' id='word_1_91' title='bbox 344 1221 470 1262; x_wconf 87' lang='lat' dir='ltr'>etiam</span> <span class='ocrx_word' id='word_1_92' title='bbox 504 1221 850 1276; x_wconf 86' lang='lat' dir='ltr'>interpunctionis</span> <span class='ocrx_word' id='word_1_93' title='bbox 881 1223 1085 1264; x_wconf 87' lang='lat' dir='ltr'>rationem</span> <span class='ocrx_word' id='word_1_94' title='bbox 1118 1223 1260 1277; x_wconf 81' lang='lat' dir='ltr'>habui⁷</span> <span class='ocrx_word' id='word_1_95' title='bbox 1308 1224 1392 1266; x_wconf 87' lang='lat' dir='ltr'>noli</span> <span class='ocrx_word' id='word_1_96' title='bbox 1425 1229 1575 1279; x_wconf 87' lang='lat' dir='ltr'>putare</span> <span class='ocrx_word' id='word_1_97' title='bbox 1606 1239 1672 1268; x_wconf 92' lang='lat' dir='ltr'>me</span> <span class='ocrx_word' id='word_1_98' title='bbox 1703 1225 1803 1269; x_wconf 86' lang='lat' dir='ltr'>huic</span> <span class='ocrx_word' id='word_1_99' title='bbox 1835 1225 1896 1269; x_wconf 86' lang='lat' dir='ltr'>di-</span> 
     </span>
     <span class='ocr_line' id='line_1_14' title="bbox 343 1292 1895 1351; baseline 0.005 -19"><span class='ocrx_word' id='word_1_100' title='bbox 343 1292 554 1333; x_wconf 86' lang='lat' dir='ltr'>stinctioni</span> <span class='ocrx_word' id='word_1_101' title='bbox 587 1293 761 1334; x_wconf 87' lang='lat' dir='ltr'>multum</span> <span class='ocrx_word' id='word_1_102' title='bbox 794 1294 996 1347; x_wconf 81' lang='lat' dir='ltr'>tribuere3</span> <span class='ocrx_word' id='word_1_103' title='bbox 1044 1307 1180 1348; x_wconf 91' lang='lat' dir='ltr'>neque</span> <span class='ocrx_word' id='word_1_104' title='bbox 1213 1300 1350 1336; x_wconf 84' lang='lat' dir='ltr'>tamen</span> <span class='ocrx_word' id='word_1_105' title='bbox 1390 1296 1628 1338; x_wconf 86' lang='lat' dir='ltr'>arbitrabar</span> <span class='ocrx_word' id='word_1_106' title='bbox 1665 1296 1895 1351; x_wconf 88' lang='lat' dir='ltr'>quidquam</span> 
     </span>
     <span class='ocr_line' id='line_1_15' title="bbox 343 1362 1893 1424; baseline 0.006 -22"><span class='ocrx_word' id='word_1_107' title='bbox 343 1362 760 1416; x_wconf 83' lang='lat' dir='ltr'>praetermittendum</span> <span class='ocrx_word' id='word_1_108' title='bbox 802 1377 906 1418; x_wconf 84' lang='lat' dir='ltr'>esse,</span> <span class='ocrx_word' id='word_1_109' title='bbox 955 1364 1067 1418; x_wconf 90' lang='lat' dir='ltr'>quod</span> <span class='ocrx_word' id='word_1_110' title='bbox 1107 1365 1163 1408; x_wconf 88' lang='lat' dir='ltr'>ad</span> <span class='ocrx_word' id='word_1_111' title='bbox 1204 1378 1325 1407; x_wconf 89' lang='lat' dir='ltr'>usum</span> <span class='ocrx_word' id='word_1_112' title='bbox 1368 1366 1637 1410; x_wconf 89' lang='lat' dir='ltr'>statuendum</span> <span class='ocrx_word' id='word_1_113' title='bbox 1681 1369 1893 1424; x_wconf 87' lang='lat' dir='ltr'>pertinere</span> 
     </span>
     <span class='ocr_line' id='line_1_16' title="bbox 342 1433 723 1487; baseline 0.003 -13"><span class='ocrx_word' id='word_1_114' title='bbox 342 1446 466 1487; x_wconf 87' lang='lat' dir='ltr'>posse</span> <span class='ocrx_word' id='word_1_115' title='bbox 498 1433 723 1475; x_wconf 90' lang='lat' dir='ltr'>videretur.</span> 
     </span>
    </p>
   </div>
  </div>
 </body>
</html>
