2034 3458
1048 313 1280 348 ...⁶22-

388 436 492 484 ναῡς
537 434 648 474 ὥστε
688 432 828 487 ὀλίγῳ
867 431 1082 483 ἐλάσσους
1130 431 1236 475 εἶναι
1274 434 1421 484 αὐτοῖς
1461 436 1547 476 τῶν
1580 432 1776 476 Ἀττικῶν
1816 437 1940 490 νεῶν,

387 505 626 555 ὁρμίζονται
660 505 763 545 κατὰ
796 503 984 555 Ἐρινεὸν
1016 507 1091 555 τῆς
1126 503 1296 555 Ἀχαίας
1331 505 1411 546 VII
1443 505 1511 555 34,
1547 507 1584 547 1.
1646 510 1705 561 τῷ
1737 507 1784 548 δὲ
1822 507 1941 562 μέσῳ

387 576 717 626 διεσπασμέναις
750 578 843 625 ταῖς
876 576 1002 616 ναυσὶ
1035 576 1300 625 καθίσταντο,
1333 575 1476 627 ἄλλως
1508 591 1553 618 τε
1585 564 1651 618 καὶ
1683 579 1758 618 τοῦ
1782 577 1941 629 χωρίου

387 646 528 689 ὀξεῖαν
560 647 626 687 καὶ
658 639 853 696 γωνιώδη
887 646 963 696 τὴν
995 647 1225 697 περιβολὴν
1257 646 1445 697 ἔχοντος,
1478 648 1590 688 ὥστε
1622 648 1673 688 τὰ
1705 648 1752 690 ἐν
1782 651 1843 703 τῷ
1874 645 1942 690 ἐπ’·

387 718 524 759 ἐκεῖνα
553 718 683 758 αὐτοῦ
706 717 935 768 γιγνόμενα
958 718 1010 767 μὴ
1035 717 1224 758 κάτοπτα
1247 717 1368 759 εἶναι.
1402 718 1507 759 VIII
1543 718 1638 767 104,
1669 718 1708 760 5.
1740 718 1783 760 II
1812 717 1882 769 58,
1903 719 1942 761 2.

387 789 450 830 III
483 790 551 838 21,
583 789 620 829 ,3,

527 859 570 911 b)
603 843 813 901 sententia
845 857 1102 900 antecedens
1134 859 1197 900 sui
1230 859 1331 901 iuris
1363 864 1447 901 est:

531 932 565 971 1.
597 943 734 985 praes.
774 920 847 971 inf.
911 932 954 983 α)
1002 934 1098 985 post
1141 944 1279 985 praes.
1327 930 1413 972 ind.
1476 931 1656 982 ἕκαστος
1680 966 1687 973 .
1711 966 1718 973 .
1811 931 1943 975 οἴεται

447 1035 484 1042 ..
530 1002 669 1051 μέλειν
715 1003 794 1042 τινὶ
834 1003 901 1042 καὶ
941 1000 1058 1056 ἄλλῳ
1099 1002 1204 1052 ὑπὲρ
1245 1002 1398 1043 ἑαυτοῦ
1436 1017 1474 1044 τι
1505 1006 1708 1054 προιδεῖν,
1740 1004 1853 1046 ὥστε
1882 1007 1943 1059 τῷ

386 1073 500 1127 αὐτῷ
539 1072 621 1114 ὑπὸ
655 1072 857 1114 ἁπάντων
890 1073 973 1126 ἰδίᾳ
1007 1072 1237 1124 δοξάσματι
1271 1073 1495 1115 λανθάνειν
1526 1075 1574 1115 τὸ
1608 1075 1752 1117 κοινὸν
1783 1074 1944 1127 ἀθρόον

385 1143 668 1194 φθειρόμενον
708 1144 728 1184 Ι
772 1143 868 1197 141,
912 1144 948 1185 7.
1027 1146 1066 1197 β)
1114 1148 1210 1198 post
1257 1144 1422 1199 imperf.
1478 1146 1812 1197 προκαλύμματα
1857 1145 1943 1198 εἶχε

386 1215 546 1265 δέρρεις
580 1215 646 1255 καὶ
679 1215 895 1266 διφθέρας,
928 1216 1039 1256 ὥστε
1073 1216 1173 1265 τοὺς
1207 1215 1516 1267 ἐργαζομένους
1549 1217 1615 1258 καὶ
1644 1217 1695 1258 τὰ
1717 1217 1822 1260 ξύλα
1842 1218 1944 1269 μήτε

384 1285 625 1336 πυρφόροις
649 1285 811 1336 οἰστοῖς
837 1285 1066 1337 βάλλεσθαι
1089 1286 1135 1327 ἐν
1157 1285 1374 1341 ἀσφαλείᾳ
1395 1301 1439 1328 τε
1462 1286 1567 1329 εἶναι
1591 1287 1633 1328 Π
1652 1288 1720 1342 75,
1743 1287 1784 1330 5.
1809 1287 1878 1340 76,
1901 1288 1942 1330 2.

387 1357 451 1396 III
492 1357 561 1409 21,
601 1358 641 1397 2.
698 1357 780 1398 VII
822 1357 889 1410 75,
930 1357 958 1397 4
1000 1357 1244 1409 (semicolon
1284 1358 1326 1399 in
1366 1372 1530 1400 comma
1567 1358 1814 1401 mutandum
1851 1371 1945 1402 esse

388 1427 548 1467 monuit
581 1427 734 1469 Semne
766 1442 808 1482 p.
841 1428 929 1480 34).
992 1429 1034 1480 γ)
1083 1433 1178 1483 post
1225 1442 1312 1470 aor.
1360 1429 1447 1471 ind.
1480 1427 1588 1472 ’τῶν
1619 1430 1850 1472 Πλαταιῶν
1880 1444 1944 1482 τις

386 1498 462 1548 τὰς
503 1498 640 1548 πύλας
682 1498 833 1553 ἔκλῃσε
873 1500 984 1540 ὥστε
1024 1501 1127 1550 μηδὲ
1165 1500 1295 1555 ταύτῃ
1337 1500 1396 1542 ἔτι
1434 1501 1584 1543 ἔξοδον
1615 1500 1722 1543 εἶναι
1754 1501 1797 1543 II
1827 1501 1870 1555 4,
1901 1501 1943 1544 3.

390 1569 450 1609 III
486 1569 555 1622 87,
589 1571 629 1610 2.
656 1570 713 1611 IV
737 1570 806 1622 81,
830 1571 870 1611 2.
935 1573 974 1623 δ)
1008 1576 1103 1625 post
1125 1571 1230 1626 perf.
1254 1571 1340 1612 ind.
1381 1572 1420 1613 οἱ
1453 1573 1499 1613 δὲ
1531 1573 1944 1626 παρῳκοδομήκασιν

386 1640 484 1690 ἡμῖν
516 1643 657 1691 τεῖχος
692 1641 869 1691 ἁπλοῦν,
912 1643 1024 1683 ὥστε
1057 1644 1109 1693 μὴ
1144 1642 1249 1684 εἶναι
1288 1642 1348 1684 ἔτι
1380 1644 1655 1694 περιτειχίσαι
1688 1642 1857 1703 αὐτούς,
1890 1643 1944 1695 ἣν

387 1712 439 1762 μή
473 1726 534 1762 τις
567 1713 616 1753 τὸ
649 1713 958 1764 παρατείχισμα
990 1716 1118 1754 τοῦτο
1151 1716 1288 1769 πολλῇ
1320 1717 1496 1768 στρατιᾷ
1529 1715 1720 1756 ἐπελθὼν
1753 1714 1826 1770 ἕλῃ
1857 1714 1942 1756 VII

388 1783 453 1835 11,
487 1783 527 1823 3.
579 1783 641 1823 III
674 1783 745 1833 43,
779 1784 819 1824 2.

525 1854 565 1894 2.
599 1867 685 1895 aor.
719 1854 792 1895 inf.
842 1856 884 1906 α)
920 1860 1027 1910 post.
1062 1869 1199 1910 praes.
1234 1855 1319 1897 ind.
1374 1857 1414 1897 οἱ
1458 1855 1711 1908 Ἀκαρνᾶνες
1750 1857 1942 1907 ἐπιγενό-

384 1938 503 1974 μενοι
537 1925 684 1975 αύτοῑς
719 1926 823 1967 κατὰ
856 1926 996 1967 νώτου
1029 1928 1350 1977 προσπίπτουσί
1382 1941 1426 1968 τε
1459 1928 1526 1968 καὶ
1558 1928 1799 1978 τρέπουσιν,
1831 1928 1943 1970 ὥστε

385 1997 485 2046 μήτε
519 1996 563 2046 ἐς
597 1996 730 2047 ἀλκὴν
762 1997 986 2048 ὑπομεῖναι
1010 1999 1279 2049 φοβηθέντας
1312 2012 1356 2040 τε
1388 1999 1432 2049 ἐς
1465 2000 1608 2050 φυγὴν
1640 1999 1707 2040 καὶ
1738 1999 1788 2040 τὸ
1809 1999 1954 2052 πλέον,

383 2069 458 2108 τοῦ
492 2067 809 2118 στρατεύματος
841 2072 1104 2119 καταστῆσαι
1136 2069 1202 2110 III
1237 2069 1333 2123 108,
1370 2071 1407 2110 1.
1458 2071 1497 2121 β)
1529 2075 1626 2124 post
1655 2069 1820 2125 imperf.
1853 2070 1943 2112 ἐπεὶ

383 2139 450 2178 καὶ
483 2138 584 2189 μετὰ
616 2139 667 2179 τὰ
690 2139 856 2190 Τρωικὰ
888 2140 913 2190 ἡ
945 2139 1105 2190 Ἑλλὰς
1139 2139 1197 2181 ἔτι
1226 2141 1505 2190 μετανίστατό
1527 2154 1571 2182 τε
1593 2141 1659 2182 καὶ
1676 2138 1943 2196 ’κατῳκίζετα

384 2210 495 2250 ὥστε
537 2211 589 2259 μὴ
629 2209 917 2260 ἡσυχάσασαν
958 2210 1186 2261 αὐξηθῆναι
1228 2211 1247 2251 Ι
1284 2211 1350 2264 12,
1387 2213 1424 2252 1.
1477 2213 1519 2263 γ)
1551 2215 1647 2266 post
1678 2224 1766 2253 aor.
1798 2210 1886 2253 ind.
1917 2211 1944 2262 ἡ
1988 2218 1990 2221 “

383 2281 493 2330 πνοὴ
527 2281 670 2331 φλόγα
709 2281 841 2322 ἐποίει
882 2281 1068 2332 μεγάλην
1109 2283 1175 2323 καὶ
1207 2281 1291 2332 ἧψε
1323 2285 1398 2323 τοῦ
1432 2282 1609 2333 τείχους,
1642 2283 1754 2324 ὥστε
1785 2282 1944 2333 μηδένα

383 2348 448 2391 ἐπ’
483 2349 614 2392 αὐτοῦ
657 2351 716 2392 ἔτι
749 2355 896 2402 μεῖναι,
937 2352 1046 2393 ἀλλὰ
1087 2352 1379 2403 ἀπολιπόντας
1420 2353 1464 2403 ἐς
1504 2354 1647 2404 φυγὴν
1686 2355 1944 2404 καταστῆναι

384 2422 450 2462 καὶ
482 2422 531 2463 τὸ
564 2423 757 2473 τείχισμα
789 2423 926 2478 τούτῳ
959 2427 1019 2478 τῷ
1051 2424 1197 2478 τρόπῳ
1230 2423 1403 2465 ἁλῶναι.
1444 2424 1503 2464 IV
1529 2423 1625 2475 100,
1649 2424 1690 2465 4.
1725 2423 1783 2466 VI
1809 2424 1878 2478 70,
1905 2424 1942 2465 1.

526 2494 616 2534 Iam
657 2494 690 2534 si
732 2507 825 2535 cum
867 2494 946 2535 hoc
986 2495 1102 2536 vario
1142 2494 1336 2535 infinitivi
1376 2508 1453 2535 usu
1492 2494 1830 2549 comparabimus
1859 2507 1945 2536 mo-

384 2563 531 2605 dorum
549 2577 682 2617 usum,
706 2564 967 2607 inveniemus
991 2566 1103 2606 ὥστε
1125 2565 1377 2620 particulam
1402 2578 1495 2606 cum
1518 2564 1654 2607 modis
1677 2565 1944 2607 coniunctam

386 2647 477 2675 esse
517 2648 599 2676 non
639 2636 719 2676 nisi
759 2636 1038 2678 antecedente
1079 2636 1300 2689 sententia,
1342 2649 1450 2689 quae
1487 2635 1679 2690 ipsa‘est
1725 2636 1789 2678 sui
1827 2635 1943 2678 iuris.

384 2706 611 2746 Praeterea
643 2705 869 2748 discrimen
892 2706 1160 2749 statuendum
1194 2711 1257 2748 est
1279 2707 1388 2748 inter
1410 2706 1687 2748 indicativum
1717 2710 1760 2748 et
1783 2710 1945 2749 ceteros

383 2775 543 2817 modos.
607 2777 716 2819 Nam
763 2777 805 2818 in
846 2778 907 2819 eis
947 2778 1164 2819 sententiis
1197 2765 1491 2831 consecutivis,
1540 2791 1649 2830 quae
1686 2778 1818 2819 artius
1850 2790 1944 2820 cum

383 2847 731 2889 antecedentibus
755 2847 982 2889 cohaerent
1007 2849 1237 2903 praemisso
1261 2847 1463 2890 adverbio
1497 2848 1563 2890 vel
1597 2847 1843 2903 pronomine
1875 2846 1944 2889 de-

384 2918 672 2972 monstrativo,
721 2919 854 2960 solum
902 2918 1159 2960 indicativus
1192 2923 1450 2973 usurpatur,
1508 2923 1674 2960 ceterae
1724 2918 1944 2960 modorum

383 2988 543 3032 formae
575 2990 633 3031 ibi
666 2993 829 3031 tantum
862 2989 1153 3043 a<hnittunt1u·,
1187 2990 1256 3031 ubi
1290 2990 1499 3044 particula
1532 2990 1654 3038 ὥστε,
1687 2989 1777 3031 sive
1810 2987 1945 3031 le'vior
