2034 3458
831 329 1064 373 -13—

157 451 232 500 ine
262 451 462 500 infinitivi
493 469 606 511 USUS‚
656 457 727 511 qui
761 458 874 502 solus
907 458 1201 502 difficultatem
1234 457 1492 503 discriminis
1532 459 1642 503 inter
1673 459 1732 503 in—

158 527 367 572 finitivum
400 532 443 571 et
473 528 623 571 modos
651 529 792 572 finitos
815 530 1029 573 statuendi
1053 532 1243 586 praebet.
1307 532 1399 582 Quo
1422 532 1465 574 in
1489 532 1733 575 discrimine

64 602 81 620 “
159 598 387 644 statuendo
420 599 522 654 quia
552 601 742 642 nonnulli
775 601 829 643 dc
862 603 1109 657 pronomine
1143 602 1476 646 demonstrativo
1499 603 1732 659 praemisso

158 676 236 715 aut
262 684 348 714 non
379 671 614 727 praemisso
647 673 957 727 cogitaverunt,
991 674 1189 729 exempla
1221 673 1444 729 disponam
1477 688 1529 717 ac
1551 675 1732 730 primum

160 741 333 798 quidem
367 755 420 784 ea
450 742 643 797 afferam,
677 743 721 785 in
754 744 906 797 quibus

303 814 347 867 a)
379 827 611 875 pronomen
645 813 1024 858 demonstrativum
1058 830 1139 857 non
1173 816 1410 859 antecedit:

307 886 345 928 1.
394 899 533 942 praes.
568 885 642 928 inf.
691 888 734 939 α)
767 892 864 942 post
896 901 1032 942 praes.
1067 887 1153 930 ind.
1187 889 1254 930 καί
1287 898 1367 940 σφι
1399 889 1479 940 ἤδη
1514 889 1734 940 στείχουσι

75 990 78 994 .
159 957 416 1000 ἐπιτίθενται
449 957 489 999 οἱ
521 957 847 1009 ἀντιταχθέντες
874 958 1093 1010 Ἑλλήνων
1126 961 1213 1000 τῶν
1246 960 1348 1011 μετὰ
1382 961 1582 1011 βασιλέος
1614 974 1735 1011 γενο-

134 1029 315 1082 -μένων,
355 1028 470 1070 ὥστε
501 1029 646 1080 μηκέτι
679 1029 890 1071 δύνασθαι
925 1033 1134 1082 βοηθῆσαι
1167 1031 1231 1072 IX
1264 1031 1335 1072 61.
1381 1031 1423 1072 ΙΙ
1458 1031 1526 1073 79.
1572 1032 1632 1073 IV
1664 1032 1735 1073 50.

161 1101 203 1155 β)
233 1104 332 1156 post
352 1099 520 1156 imperf.
554 1101 830 1152 προσιόντων
862 1104 951 1143 τῶν
978 1101 1204 1154 βαρβάρων
1227 1103 1337 1154 πρὸς
1359 1102 1436 1154 τὰς
1460 1102 1599 1154 πύλας
1623 1103 1736 1144 ὀλοι-

161 1172 348 1225 τρόχους
387 1172 585 1222 ἀπίεσαν,
633 1172 746 1214 ὥστε
788 1173 952 1224 Ξέρξην
999 1174 1068 1215 ἐπὶ
1115 1174 1275 1225 χρόνον
1322 1175 1487 1226 συχνὸν
1533 1174 1737 1230 ἀπορίῃσι

159 1243 387 1296 ἐνέχεσθαι
419 1243 526 1286 VIII
547 1244 620 1286 52.
653 1245 674 1286 Ι
701 1245 767 1286 17.
846 1247 888 1298 γ)
919 1249 1016 1300 post
1047 1258 1135 1287 aor.
1169 1244 1256 1286 ind.
1289 1245 1524 1289 ἀπεδέξατο
1557 1246 1602 1296 ἐς
1635 1246 1737 1297 τοὺς

159 1315 382 1367 ὑπηκόους
412 1315 579 1367 πάντας
613 1316 861 1368 εὐεργεσίας
895 1316 1094 1368 μεγάλας,
1127 1316 1240 1358 ὥστε
1273 1316 1573 1368 ἀποθανόντος
1604 1318 1737 1359 αὐτοῦ

161 1387 303 1431 πόθον
334 1386 448 1440 ἔχειν
479 1387 646 1439 πάντας
679 1389 783 1439 τοὺς
816 1388 863 1430 ἐν
894 1392 944 1443 τῇ
978 1387 1096 1443 Ἀσίῃ
1130 1388 1271 1430 11167
1311 1389 1484 1431 V1120.

308 1459 351 1501 2.
383 1470 472 1501 aor.
506 1458 581 1501 inf.
631 1461 674 1512 α)
707 1463 804 1515 post
835 1459 1002 1514 imperf.
1034 1462 1122 1501 τῶν
1155 1460 1371 1511 ναυηγίων
1402 1451 1545 1502 πολλὰ
1577 1460 1738 1502 ὑπολα-

157 1519 254 1584 ’βὼν
287 1529 446 1583 ἄνεμος
478 1531 666 1583 ζέφυρος
700 1531 827 1583 ἔφερε
866 1535 941 1582 τῆς
975 1531 1162 1582 Ἀττικῆς
1202 1532 1271 1573 ἐπὶ
1310 1533 1387 1583 τὴν
1426 1532 1552 1583 ἠιόνα
1591 1535 1738 1574 καλεο-

165 1603 298 1656 μένην
331 1602 539 1653 Κωλιάδα,
572 1602 685 1652 ὥστε
717 1603 1049 1654 ἀποπλησθῆναι
1082 1604 1159 1645 τὸν
1191 1604 1386 1654 χρησμὸν
1418 1604 1494 1645 τόν
1526 1618 1571 1645 τε
1604 1603 1739 1646 ἄλλον

162 1674 306 1718 πάντα
345 1675 414 1717 καὶ
454 1675 506 1726 δὴ
547 1676 615 1716 καὶ
655 1675 761 1716 κατὰ
800 1675 852 1716 τὰ
891 1675 1073 1726 ναυήγια
1112 1675 1165 1716 τὰ
1204 1675 1334 1730 ταύτῃ
1368 1675 1657 1727 ἐξενειχθέντα
1689 1676 1738 1717 τὸ

154 1746 387 1800 εἰρημένον
419 1746 527 1789 VIII
548 1746 620 1789 96.
647 1747 744 1788 106.
771 1747 869 1788 113.
903 1746 968 1788 IX
994 1747 1064 1788 94.
1131 1748 1170 1799 B)
1203 1751 1299 1802 post
1332 1760 1420 1788 aor.
1454 1746 1542 1788 ind.
1575 1748 1651 1789 τὸν
1685 1748 1735 1798 δὴ

162 1817 432 1871 περιάγουσα
463 1818 550 1871 ἅμα
581 1821 694 1860 τοῖσι
725 1818 923 1873 Πέρσῃσι
956 1819 1046 1870 ἥλω
1079 1821 1184 1869 νηῦς
1217 1819 1242 1869 ἡ
1276 1819 1473 1869 Σιδωνίη,
1506 1818 1618 1860 ὥστε
1649 1819 1737 1860 Πυ-

163 1891 268 1942 θέην
298 1889 415 1932 οὕτω
447 1893 641 1942 σωθῆναι
673 1890 718 1941 ἐς
752 1890 926 1940 Αἴγιναν
959 1890 1064 1931 VIII
1087 1890 1158 1931 92.
1193 1890 1252 1931 VI
1280 1889 1346 1931 18.
1381 1890 1463 1931 VII
1490 1890 1588 1932 117.

306 1962 348 2005 3.
382 1950 567 2004 futqinf.
600 1967 697 2018 post
729 1976 816 2004 aor.
851 1961 959 2004 ind.:
1010 1962 1067 2014 (οἱ
1099 1962 1260 2014 θεοί)σε
1298 1962 1542 2013 ποιήσαντα
1582 1961 1739 2004 ἀνόσια

161 2033 392 2086 ὑπήγαγον
424 2034 469 2086 ἐς
501 2037 649 2086 χεῖρας
681 2034 758 2085 τὰς
801 2034 917 2087 ἐμάς,
967 2033 1079 2075 ὥστε
1113 2044 1164 2075 σε
1196 2034 1250 2084 μή
1284 2034 1524 2085 μέμψεσθαι
1556 2035 1634 2085 τὴν
1665 2033 1738 2075 ἀπ’

84 2142 92 2151 .
165 2105 265 2159 ἐμέο
295 2119 363 2148 τοι
395 2106 607 2158 ἐσομένην
640 2106 761 2157 δίκην
794 2106 899 2148 VIII
926 2106 1023 2147 106.

309 2177 354 2232 b)
388 2191 622 2234 pronomen
655 2177 1036 2219 demonstrativum
1069 2176 1306 2219 antecedit:

312 2251 351 2292 1.
383 2263 524 2306 praes.
557 2249 632 2291 inf.
687 2251 730 2301 α)
764 2253 861 2304 post
893 2262 1031 2304 praes.
1065 2247 1153 2290 ind.
1195 2247 1431 2303 (ἀμπελίνῳ
1464 2253 1630 2304 καρπῷ)
1672 2249 1740 2300 ἐμ-

164 2321 422 2374 πιπλάμενοι
475 2322 677 2373 μαίνεσθε
728 2320 843 2362 οὕτω
888 2320 1001 2362 ὥστε
1046 2320 1269 2371 κατιόντος
1314 2322 1391 2361 τοῦ
1437 2320 1557 2362 οἴνου
1602 2321 1646 2371 ἐς
1692 2321 1741 2363 τὸ

165 2395 293 2445 σῶμα
329 2393 616 2435 ἐπαναπλέειν
654 2393 754 2444 ὑμῖν
797 2392 902 2434 ἔπεα
939 2391 1045 2433 κακά
1086 2392 1104 2433 Ι
1138 2392 1238 2433 212.
1319 2394 1358 2444 β)
1406 2396 1501 2447 post
1533 2406 1620 2434 aor.
1654 2390 1741 2433 ind.

165 2465 389 2517 προείδετε
418 2464 563 2516 ἡμέων
596 2463 978 2516 οἰκοφθορημένων
1011 2462 1126 2505 οὕτω
1166 2462 1278 2504 ὥστε
1318 2463 1543 2514 ἐπιθρέψαι
1582 2463 1743 2505 ἐθέλειν

165 2536 310 2588 ἡμέων
341 2536 445 2587 τοὺς
478 2535 645 2587 οἰκέτας
679 2535 785 2578 VIII
822 2535 920 2577 144.

311 2608 354 2652 2.
387 2621 477 2650 aor.
510 2607 585 2649 inf.
634 2609 677 2659 α)
711 2611 807 2662 post
829 2620 968 2662 praes.
992 2605 1080 2648 ind.
1114 2609 1227 2648 τοῖσι
1245 2607 1480 2648 Δεκελεῦσι
1502 2606 1549 2647 ἐν
1567 2605 1741 2661 Σπάρτῃ

166 2679 256 2723 ἀπὸ
286 2678 444 2722 τούτου
476 2682 552 2721 τοῦ
586 2679 714 2731 ἔργου
748 2679 914 2729 ἀτελείη
949 2692 993 2719 τε
1026 2679 1094 2719 καὶ
1122 2679 1325 2730 προεδρίη
1351 2678 1553 2719 διατελέει
1576 2678 1620 2728 ἐς
1643 2678 1742 2719 τόδε

168 2751 250 2794 αἰεὶ
282 2750 342 2793 ἔτι
375 2751 512 2793 ἐοῦσα
543 2749 658 2792 οὕτω
691 2750 804 2792 ὥστε
837 2751 904 2791 καὶ
937 2750 981 2800 ἐς
1014 2750 1091 2791 τὸν
1123 2750 1314 2801 πόλεμον
1350 2750 1426 2791 τὸν
1459 2748 1642 2800 ὕστερον
1673 2763 1742 2799 γε-

168 2822 354 2875 νόμενον
385 2823 601 2874 Δεκελέης
634 2822 905 2874 ἀποσχέσθαι
938 2822 1001 2863 IX
1038 2822 1106 2864 73.
1172 2823 1211 2874 β)
1244 2826 1340 2876 post
1372 2821 1537 2876 imperf.
1571 2822 1611 2862 οἱ
1633 2821 1743 2872 Πέρ-

168 2904 243 2937 σαι
274 2893 460 2937 ἀπίεσαν
491 2897 580 2936 τῶν
612 2894 883 2945 τοξευμάτων
915 2893 1056 2935 πολλὰ
1089 2893 1315 2945 ἀφειδέως,
1363 2892 1477 2934 οὕτω
1516 2892 1628 2934 ὥστε
1667 2893 1743 2934 τὸν

166 2965 426 3017 Παυσανίην
458 2966 794 3008 ἐπικαλέσασθαι
826 2967 904 3016 τὴν
936 2965 1038 3006 θεόν
1078 2964 1142 3006 ΙΧ
1175 2965 1246 3006 61.
1282 2965 1350 3006 ῖΟ.
1429 2965 1470 3016 γ)
1519 2970 1616 3019 post
1655 2977 1742 3005 aor.

165 3036 257 3081 ind.
290 3037 473 3088 τούτους
507 3037 569 3079 ὦν
602 3037 646 3079 αἵ
678 3052 721 3079 τε
755 3038 941 3089 φυλακαὶ
975 3039 1062 3078 τῶν
1095 3037 1336 3078 Θεσσαλῶν
1368 3038 1532 3086 πρῶται
1575 3035 1743 3076 ἰδοῦσαι

1119 3105 1122 3107 .
1460 3107 1482 3129 .,
