2034 3458
1002 332 1207 367 ..4,-

332 458 479 507 bimus,
514 454 772 497 inveniemus
805 467 856 495 ex
891 452 1054 495 duobus
1086 456 1128 494 ct
1160 452 1333 507 triginta
1364 451 1568 507 exemplis
1590 451 1722 494 solum
1744 451 1786 494 in
1808 464 1884 494 sex

332 527 579 569 sententiam
599 525 924 567 ¹consecutivam
964 537 1056 565 cum
1097 523 1306 564 sententia
1338 522 1539 578 primaria
1570 523 1702 564 artius
1734 521 1885 565 cohae-

334 612 437 651 rere,
470 598 534 639 ΕΙ.
558 597 644 639 275
675 597 700 647 ἡ
725 594 760 638 δ’
786 595 869 637 ὧδε
901 596 1071 646 τλήμων
1104 594 1216 636 ὥστε
1248 598 1307 649 τῷ
1340 594 1536 645 μιάστορι
1568 591 1746 644 ξύνεστ’,
1778 592 1885 645 Ἐρι-

333 670 410 711 νὺν
433 666 565 717 οὔτιν’,
588 667 891 719 ἐκφοβουμένη.
938 665 1006 707 Ai.
1031 666 1130 708 729.
1163 665 1239 708 OR
1261 665 1360 707 533.
1395 664 1551 707 Trach.
1569 664 1669 719 255,
1702 664 1774 707 ubi
1797 678 1885 708 aor.

333 739 433 792 ind..
466 739 533 780 Ai.
557 739 627 780 98.
661 737 815 779 Trach.
838 737 938 790 576,
971 737 1042 778 ubi
1075 736 1151 778 fut.
1184 735 1270 777 ind.
1300 739 1453 777 exstat.
1516 735 1707 789 Reliquis
1737 748 1812 778 sex
1843 739 1887 778 et

334 810 482 864 viginti
515 809 619 851 locis
651 808 763 850 ὥστε
794 807 1004 863 particula
1035 807 1285 849 sententiam
1319 806 1631 850 consecutivam
1659 820 1743 849 non
1763 805 1888 849 aliter

334 879 603 923 antecedenti
635 879 823 921 adnectit
856 893 907 921 ac
938 877 1138 920 Latinum
1171 877 1475 931 ‘quamobrem,
1523 891 1606 931 qua
1638 868 1692 921 de
1724 879 1886 932 causa’,

335 952 396 993 ita
426 955 471 992 ut
504 951 712 993 sententia
752 949 1023 991 consecutiva
1062 953 1149 990 aut
1171 962 1340 1004 prorsus
1381 948 1527 991 divelli
1564 948 1698 1004 possit
1734 963 1761 991 a
1797 961 1888 998 sen,-

335 1022 466 1063 tentia
509 1021 708 1076 primaria
752 1024 825 1062 aut
869 1021 995 1062 etiam
1035 1020 1232 1074 graviore
1271 1019 1609 1075 interpunctione
1648 1019 1887 1080 divellatur.

336 1092 544 1147 Exempla
565 1095 660 1134 sunt
681 1091 807 1133 haec:
843 1091 914 1133 OC
936 1091 993 1132 82
1028 1091 1211 1142 βέβηκεν,
1244 1090 1356 1132 ὥστε
1378 1092 1464 1132 πᾶν
1494 1091 1540 1132 ἐν
1562 1090 1722 1146 ἡσύχῳ,
1744 1090 1888 1143 πάτερ,

336 1163 469 1206 ἔξεστι
501 1165 676 1214 φωνεῖν.
737 1162 965 1203 Praeterea
996 1175 1059 1216 pr.
1093 1161 1179 1203 ind.
1214 1161 1425 1204 invenitur
1455 1161 1612 1203 leviore
1651 1161 1890 1217 interpunc-

339 1235 450 1275 tione
480 1234 711 1288 praemissa
734 1233 798 1274 Ai.
818 1233 917 1274 668.
952 1232 1106 1274 Trach.
1125 1232 1192 1282 59,
1225 1232 1300 1274 fut.
1324 1232 1411 1274 ind.
1436 1232 1522 1275 OC.
1540 1232 1640 1275 306.
1673 1231 1739 1274 El.
1760 1232 1888 1286 1204,

336 1318 423 1346 aor.
455 1308 542 1359 opt.
577 1317 613 1345 c.
647 1303 699 1345 ἄν
733 1303 803 1345 OC
826 1303 926 1355 565,
959 1303 1123 1358 imperf.
1147 1317 1183 1345 c.
1216 1302 1270 1344 ἄν
1302 1303 1373 1345 OG
1396 1303 1503 1357 2713
1537 1303 1734 1357 graviore
1764 1303 1888 1346 inter-

337 1375 564 1430 punctione
609 1375 841 1429 praemissa
884 1388 946 1429 pr.
992 1373 1077 1416 ind.
1124 1374 1199 1416 OR
1232 1374 1302 1416 65.
1338 1374 1465 1416 1528.
1521 1373 1593 1417 OG
1624 1374 1725 1416 573.
1761 1374 1891 1417 1189.

338 1445 492 1487 Trach.
525 1445 626 1487 445.
661 1446 758 1487 705.
791 1445 891 1498 943,
937 1459 1023 1487 aor.
1058 1444 1144 1486 ind.
1177 1445 1244 1487 Ai.
1279 1445 1377 1487 729.
1412 1445 1488 1487 OR
1523 1445 1649 1499 1036,
1693 1445 1770 1487 fut.-
1801 1444 1890 1488 ind.

338 1516 414 1559 ΟΒ
450 1517 545 1558 135.
577 1517 678 1558 411.
712 1516 783 1558 OC
819 1517 944 1558 1342.
978 1517 1042 1558 ΕΙ.
1079 1516 1205 1570 1389,
1238 1516 1343 1571 perf.
1377 1520 1419 1558 et
1450 1516 1526 1558 fut.
1559 1515 1646 1558 ind.
1679 1516 1789 1559 Phil.
1820 1516 1891 1571 75,

338 1601 398 1642 pr.
433 1592 518 1642 opt.
552 1601 588 1630 c.
622 1587 674 1629 ἄν
707 1587 774 1629 Ai.
811 1588 936 1641 1342,
971 1601 1057 1629 aor.
1091 1592 1177 1643 opt.
1212 1602 1247 1630 c.
1281 1587 1334 1629 ἄν
1367 1587 1433 1629 Ai.
1457 1587 1557 1629 213.
1591 1587 1668 1631 OR
1691 1587 1790 1630 857.
1822 1587 1890 1631 ΕΙ.

337 1659 436 1711 333,
470 1659 615 1713 imper.
648 1672 711 1713 pr.
743 1658 808 1700 ΕΙ.
846 1659 972 1700 1172.

479 1728 705 1783 Euripides
737 1730 871 1771 rarius
909 1743 1035 1783 quam
1067 1729 1301 1784 Sophocles
1339 1729 1487 1772 modos
1524 1729 1756 1785 usurpavit.
1817 1729 1892 1772 At-

339 1813 419 1853 que
451 1813 503 1841 ex
536 1799 699 1842 (luobus
732 1805 779 1842 et.
806 1801 955 1854 viginti
988 1800 1192 1856 exemplis
1223 1800 1419 1843 undecim
1450 1805 1612 1844 tantum
1639 1800 1892 1844 sententiam

340 1870 651 1912 consecutivam
685 1884 777 1912 cum
811 1871 1088 1913 antecedente
1121 1872 1252 1914 artius
1275 1872 1553 1926 coniungunt:
1586 1886 1649 1927 pr.
1671 1871 1759 1914 ind.
1777 1870 1892 1914 Med.

339 1941 438 1982 569.
472 1941 599 1996 Hipp.
623 1942 722 1983 634.
757 1942 828 1984 Or.
855 1942 980 1994 1114,
1025 1942 1190 1997 imperf.
1224 1942 1382 1984 Troad.
1405 1943 1505 1996 973,
1538 1956 1626 1985 aor.
1658 1942 1746 1985 ind.
1774 1942 1891 1986 Med.

339 2012 408 2053 57.
442 2013 541 2054 372.
576 2012 733 2054 Phoen.
767 2013 867 2054 363.
904 2013 1029 2054 1613.
1063 2013 1127 2054 ΕΙ.
1152 2014 1251 2055 918.
1284 2013 1403 2068 Cycl.
1430 2014 1526 2067 159,
1559 2014 1665 2069 perf.
1698 2013 1786 2056 ind.
1819 2014 1892 2058 Or.
1946 2042 1953 2047 *-

339 2083 416 2135 913
465 2083 637 2136 reliquis
676 2083 870 2126 undecim
909 2083 1014 2125 locis
1054 2084 1262 2126 sententia
1301 2084 1572 2126 consecutiva
1610 2085 1699 2127 sive
1735 2085 1894 2128 leviore

339 2154 427 2195 sive
459 2154 656 2208 graviore
689 2155 1025 2209 interpunctione
1057 2155 1195 2210 posita
1226 2168 1397 2210 prorsus
1429 2156 1482 2198 ab
1522 2155 1802 2198 antecedente
1833 2155 1894 2199 di-

340 2225 437 2266 velli
476 2229 628 2279 potest.
691 2225 900 2280 Exempla
939 2230 1034 2267 sunt
1072 2225 1199 2268 haec:
1249 2226 1407 2268 leviore
1446 2227 1782 2282 interpunctione
1821 2240 1893 2283 po-

340 2296 443 2336 sita:
484 2309 545 2355 pr.
579 2295 665 2337 ind.
698 2296 824 2337 Herc.
858 2295 886 2337 f.
910 2297 1010 2338 289.
1043 2296 1093 2338 fr.
1116 2297 1337 2351 499,.aor.
1370 2296 1457 2339 ind.
1490 2297 1620 2353 Hipp.
1657 2297 1783 2352 1207,
1815 2298 1892 2340 fut.

341 2366 428 2407 ind.
463 2366 620 2408 Bacch.
654 2367 753 2420 972,
787 2381 874 2409 aor.
908 2372 994 2422 opt.
1028 2382 1063 2409 c.
1098 2368 1151 2410 ἄν
1184 2368 1254 2410 Or.
1281 2369 1367 2411 379
1402 2368 1504 2423 [aor.
1528 2373 1614 2424 opt.
1637 2369 1672 2411 I.
1694 2369 1746 2411 A.
1768 2368 1891 2424 418];

319 2438 535 2491 'graviore
567 2437 903 2493 interpunctione
936 2440 1093 2494 posita:
1127 2453 1189 2494 pr.
1223 2439 1308 2481 ind.
1342 2439 1392 2481 fr.
1422 2440 1493 2494 46,
1526 2453 1614 2482 aor.
1647 2440 1733 2482 ind.
1765 2441 1892 2484 Herc.

341 2508 369 2549 f.
392 2508 492 2562 598,
525 2508 631 2564 perf.
664 2509 750 2550 ind.
783 2509 875 2551 Alc.
898 2510 998 2564 404,
1032 2524 1118 2552 aor.
1152 2510 1239 2552 ind.
1275 2524 1310 2553 c.
1344 2510 1397 2553 ἄν
1430 2511 1587 2553 Bacch.
1612 2512 1696 2554 712
1729 2510 1891 2567 [imper.
1930 2554 1933 2558 ,

340 2593 402 2633 pr.
435 2579 500 2621 El.
534 2579 651 2634 953}
1434 2573 1437 2578 ⁷

481 2651 570 2692 Iam
604 2664 867 2704 quaeramus,
902 2652 1003 2705 quid
1035 2653 1199 2694 intersit
1229 2654 1339 2695 inter
1369 2653 1587 2695 modorum
1619 2653 1829 2696 finitorum
1851 2658 1895 2696 et

341 2721 534 2762 infinitivi
566 2735 699 2763 usum.
762 2723 825 2764 Ac
856 2724 1035 2778 primum
1068 2723 1237 2777 quidem
1270 2724 1351 2766 hoc
1383 2724 1609 2766 tenendum
1641 2729 1705 2767 est
1724 2724 1893 2767 finalem

341 2805 507 2833 sensum
540 2805 705 2848 semper
736 2783 953 2836 infinitivo
975 2794 1168 2849 exprimi,
1202 2808 1268 2837 ex.
1303 2809 1339 2837 c.

399 2863 497 2905 Eur.
522 2864 555 2905 I.
579 2863 630 2905 A.
664 2864 777 2906 1604
824 2865 975 2916 πέμπει
993 2865 1319 2917 δ”Αγαμέμνων
1333 2865 1372 2918 μ’
1391 2866 1506 2909 ὥστε
1527 2877 1597 2909 σοι
1611 2866 1776 2919 φράσαι
1792 2866 1893 2909 τάδε

564 2935 629 2977 ΕΙ.
666 2936 778 2977 1019
825 2937 934 2987 ἡμᾶς
967 2934 1004 2978 δ’
1037 2935 1168 2979 ἔδωκε
1195 2937 1452 2990 ’Τυνδάρεως
1484 2942 1544 2994 τῷ
1576 2943 1642 2994 σῷ
1673 2938 1800 2990 πατρί

823 3007 902 3058 οὐχ
936 3007 1047 3050 ὥστε
1080 3009 1290 3059 Θνήσκειν,
1329 3007 1426 3050 οὐδ’
1461 3009 1487 3051 ἃ
1518 3010 1736 3061 γειναίμην
1766 3008 1862 3059 ἐγώ.
