2034 3458
495 882 699 925 Omnibus
731 882 815 924 iam
856 881 1061 936 exemplis
1101 881 1367 936 Herodoteis,
1416 881 1724 938 Thmydideis,
1771 881 1913 925 Xeno-

350 954 543 1009 phonteis
591 954 844 995 enumeratis
891 958 933 995 et
981 952 1197 1007 dispositis
1238 953 1452 1008 explicare
1493 954 1690 1009 conabor,
1724 952 1824 1008 quid
1855 952 1910 996 de

351 1025 462 1066 ὥστε
494 1025 727 1080 particulae
760 1038 836 1066 usu
869 1023 996 1065 statui
1030 1037 1153 1079 posse
1184 1023 1287 1065 mihi
1322 1024 1529 1066 videatur.
1818 1015 1828 1019 ⁶

493 1096 704 1137 Infinitive
737 1096 791 1138 ab
825 1097 937 1137 ὥστε
969 1096 1182 1150 particula
1213 1095 1414 1151 pendenti
1445 1110 1527 1138 non
1551 1097 1684 1139 solum
1706 1097 1792 1140 vim
1813 1109 1909 1140 con-

351 1167 596 1220 secutivam,
631 1166 705 1208 sed
728 1166 857 1209 etiam
881 1166 1049 1208 finalem
1073 1167 1211 1209 inesse
1233 1167 1336 1208 satis
1364 1167 1497 1209 multa
1519 1168 1713 1224 exempla
1734 1167 1910 1223 docent3

351 1237 448 1279 vide
471 1238 665 1292 exempla
682 1237 928 1279 Hel-odotea
951 1252 992 1292 p.
1020 1238 1073 1278 10
1093 1251 1168 1291 sq„
1193 1237 1476 1293 Thucydidea
1497 1252 1539 1294 p.
1565 1239 1618 1280 18
1641 1246 1748 1294 sqq„
1770 1238 1912 1282 Xeno-

350 1308 536 1363 phontca
564 1323 605 1363 p.
629 1309 685 1350 26
708 1322 770 1362 sq.

493 1379 557 1421 Ac
578 1379 693 1421 finali
717 1379 887 1433 quidem
910 1380 951 1421 vi
970 1379 1191 1435 praeditus
1214 1384 1277 1422 est
1298 1380 1528 1423 infinitivus
1554 1393 1638 1422 non
1660 1380 1794 1423 solum
1814 1383 1911 1436 post

493 1451 624 1492 verba
656 1450 865 1492 efficiendi
905 1464 971 1492 ex.
1006 1464 1042 1493 c.
1107 1451 1130 1492 ὁ
1172 1452 1218 1492 δὲ
1259 1452 1468 1502 συνειδὼς
1502 1451 1618 1507 αὑτῷ
1664 1451 1806 1494 πολλὰ
1843 1452 1911 1494 καὶ

351 1522 519 1572 πονηρὰ
551 1519 674 1562 πάντ’
709 1522 840 1562 ἐποίει
873 1522 985 1563 ὥστε
1029 1521 1324 1573 ἀπαλλαγῆναι
1368 1525 1444 1563 τοῦ
1478 1521 1746 1574 Ἀρχεδήμου.
1807 1521 1832 1564 ὁ
1864 1523 1912 1565 δὲ

352 1591 600 1643 Ἀρχέδεμος
635 1592 711 1634 οὐκ
742 1592 1043 1643 ἀπηλλάττετο.
1086 1593 1195 1635 Xen.
1230 1593 1389 1636 Comm.
1423 1593 1467 1634 II
1499 1593 1540 1646 9,
1563 1593 1631 1635 6.·

494 1663 770 1706 decernendi:
805 1665 1080 1716 ψηφίσασθαι
1113 1666 1225 1706 ὥστε
1258 1666 1311 1716 μὴ
1343 1664 1452 1706 ἴσων
1481 1665 1662 1707 ἕκαστον
1684 1663 1908 1716 τυγχάνειν

352 1735 461 1775 Xen.
496 1734 592 1789 Cyr.
626 1735 670 1775 II
692 1736 732 1788 2,
756 1736 826 1776 20.

494 1806 803 1847 commovendi:
852 1809 939 1848 τῶν
976 1807 1147 1858 Σαμίων
1186 1807 1512 1858 προυτρέψαντο
1558 1807 1661 1858 τοὺς
1698 1806 1931 1857 δυνατοὺς”

352 1876 463 1918 ὥστε
495 1879 720 1928 πειρᾶσθαι
753 1878 854 1928 μετὰ
887 1880 1015 1929 σφῶν
1048 1878 1376 1929 ὀλιγαρχηθῆναι
1409 1877 1544 1920 Thuc.
1569 1878 1675 1920 VIII
1706 1877 1776 1932 63,
1799 1877 1841 1920 3.

492 1947 761 2003 prohibendi:
812 1949 932 2000 μόλις
980 1949 1019 1990 οἱ
1066 1950 1294 2000 στρατηγοὶ
1341 1950 1549 2001 κατέσχον
1601 1948 1714 1991 ὥστε
1758 1949 1811 2000 μὴ
1842 1949 1911 1990 καὶ

350 2020 451 2070 τοὺς
484 2019 740 2070 ἀνθρώπους
774 2021 1094 2072 διαφθείρεσθαι
1128 2020 1263 2062 Thuc.
1296 2021 1357 2062 IV
1392 2021 1488 2074 130,
1512 2021 1552 2062 6.

492 2090 758 2145 paciscendi:
793 2092 1039 2143 συνέβησαν
1062 2092 1106 2142 ἐς
1131 2092 1286 2142 λόγους
1310 2092 1592 2142 συνελθόντες
1615 2091 1727 2133 ὥστε
1748 2104 1910 2143 τριηκο-

352 2163 475 2212 σίους
499 2163 710 2214 ἑκατέρων
733 2163 1012 2214 μαχέσασθαι,
1045 2163 1237 2214 ὁκότεροι
1262 2161 1297 2204 δ’
1322 2163 1374 2204 ἂν
1397 2163 1712 2214 περιγένωνται,
1743 2162 1909 2205 τούτων
1979 2198 1994 2226 3

351 2232 456 2274 εἶναι
488 2234 564 2275 τὸν
596 2236 752 2284 χῶρον.
802 2234 900 2275 Her.
939 2234 961 2275 Ι
999 2234 1068 2275 82.

489 2303 566 2351 ¹scd
591 2305 718 2346 etiam
741 2305 946 2359 absolute,
979 2309 1026 2346 ut
1047 2305 1107 2346 ita
1130 2304 1284 2359 dicam,
1317 2308 1562 2360 usurpatus:
1595 2307 1682 2346 τῶν
1702 2304 1909 2357 ἡβώντων

350 2376 464 2430 αὐτῷ
496 2376 755 2427 παρανόμως
788 2375 947 2427 ἄνδρας
980 2377 1130 2427 ἐξῆγον
1162 2377 1209 2418 ἐκ
1240 2377 1450 2428 Σπάρτης,
1483 2377 1595 2418 ὥστε
1626 2379 1712 2418 τῶν
1735 2376 1907 2418 πόλεων

350 2446 559 2497 ἄρχοντας
592 2447 839 2488 καθιστάναι
872 2449 938 2488 καὶ
971 2449 1023 2498 μὴ
1042 2451 1133 2498 τοῖς
1158 2448 1411 2499 ἐντυχοῦσιν
1435 2448 1675 2499 ἐπιτρέπειν
1693 2446 1828 2489 Thuc.
1845 2446 1907 2489 IV
1974 2481 1978 2485 ,

354 2518 449 2571 132,
483 2518 523 2559 3.
584 2519 642 2568 ὡς
692 2520 737 2559 δὲ
777 2518 1030 2569 Ἀγησίλαος
1078 2522 1164 2560 τῶν
1212 2519 1495 2571 διαβατηρίων
1541 2518 1784 2570 γενομένων
1830 2517 1908 2559 οὐκ

350 2588 533 2639 ἔμελλεν,
566 2587 658 2630 ἀλλ’
692 2589 936 2643 ἐπορεύετο,
969 2591 1124 2631 πολλαὶ
1156 2593 1378 2646 πρεσβεῖαι
1403 2589 1605 2640 ἀπήντων
1627 2590 1694 2631 καὶ
1717 2575 1907 2641 χρήματα

350 2660 561 2709 ἐδίδοσαν,
595 2661 706 2701 ὥστε
739 2662 791 2711 μὴ
825 2661 1139 2712 ἐμβάλλειν...
1202 2661 1279 2702 οὐκ
1310 2661 1546 2702 ἐθελόντων
1579 2662 1626 2702 δὲ
1658 2660 1800 2702 αὐτῶν
1828 2660 1906 2711 τὴν

351 2729 582 2781 ἀκρόπολιν
604 2734 882 2782 παραδοῦναι,
904 2732 1076 2783 ἐνέβαλε
1099 2732 1157 2782 εἰς
1180 2733 1256 2782 τὴν
1279 2732 1423 2783 χώραν
1454 2731 1564 2773 Xen.
1588 2731 1697 2773 Hell.
1716 2731 1753 2773 V
1775 2730 1816 2785 3,
1837 2730 1906 2772 14.

492 2801 603 2852 Quid
636 2802 799 2843 intersit
831 2803 938 2843 inter
970 2802 1219 2844 infinitivum
1257 2802 1413 2844 nudum
1453 2802 1506 2844 ab
1539 2802 1620 2844 illis
1651 2802 1791 2844 verbis
1822 2800 1906 2843 effi-

351 2872 490 2913 ciendi
523 2877 602 2914 etc.
635 2872 889 2927 pendentem
922 2877 963 2914 et
994 2872 1243 2915 infinitivum
1276 2886 1370 2915 cum
1393 2872 1504 2914 ὥστε
1528 2873 1809 2927 coniunctum,
1832 2872 1905 2915 vix

351 2943 533 2997 perspici
566 2947 718 2997 potest.
781 2944 890 2987 Nam
924 2936 1211 2985 Herodcteuin
1251 2943 1368 2997 illud,
1417 2943 1529 2996 quod
1568 2943 1748 2997 legimus
1781 2943 1853 2997 VI,
1875 2942 1904 2984 5

351 3015 544 3055 ἐνθεῦτεν
578 3015 634 3063 δὲ,
666 3014 716 3054 οὐ
749 3014 829 3065 γὰρ
862 3014 1000 3055 ἔπειθε
1022 3015 1123 3064 τοὺς
1149 3015 1276 3065 Χίους
1310 3015 1421 3055 ὥστε
1454 3014 1599 3069 ἑωυτῷ
1622 3017 1772 3056 δοῦναι
1793 3014 1905 3065 νέας,
