2034 3458
992 303 1223 340 *11ρῴ

329 426 369 479 4,
393 427 433 469 3.
498 426 719 480 βαθύτεραι
752 425 970 479 φάλαγγες
992 426 1016 477 ἢ
1041 426 1099 476 ῶς
1133 426 1382 468 ἐξικνεῖσθαι
1414 424 1512 480 Cyr.
1535 422 1597 468 VI
1618 425 1659 480 3,
1683 425 1750 468 22.
1789 424 1884 478 βρα-

328 500 482 551 χύτερα
519 499 739 550 ἠκόντιζον
786 499 810 548 ἢ
859 497 918 548 ῶς
959 498 1208 539 ἐξικνεῖσθαι
1260 496 1396 538 Anah.
1437 497 1504 538 III
1542 497 1582 551 3,
1608 497 1646 539 7.
1709 499 1884 549 μεγαλο-

328 571 618 622 πρεπέστερον
658 570 682 620 ἢ
724 569 783 619 ὡς
817 571 1099 619 προσδεῖσθαι
1133 567 1291 609 Conim.
1325 567 1346 608 I
1377 568 1418 621 4,
1445 568 1512 609 10.
1550 556 1724 610 'eadem
1757 567 1884 623 signi-

328 641 468 683 ficatio
515 640 623 681 inest
670 639 870 694 positivo:
920 639 1054 688 ὀλίγοι
1095 639 1222 689 ἐσμὲν
1261 638 1320 688 ὡς
1353 639 1569 689 ἐγκρατεῖς
1603 637 1709 681 εἶναι
1741 638 1884 681 αὐτῶν

330 712 426 766 Cyr.
461 712 521 752 IV
543 711 584 764 ἵ),
612 712 678 752 15.

471 784 510 835 c)
544 780 752 823 sententia
784 780 1040 822 antecedens
1062 780 1192 822 verba
1214 783 1287 830 δεῖ,
1320 781 1398 832 χρή
1422 780 1627 823 continet:
1661 781 1737 822 τὸν
1759 780 1883 833 ῥυτα-

328 853 468 903 γωγέα
501 854 578 903 χρὴ
612 853 670 902 εἰς
702 853 778 902 τὴν
811 851 1039 902 ἀριστερὰν
1071 854 1191 902 χεῖρα
1224 854 1380 903 λαβεῖν,
1428 853 1496 893 καὶ
1535 850 1649 893 οὕτω
1681 852 1884 904 χαλαρὸν,

329 924 388 974 ῶς
421 925 473 975 μὴ
507 925 620 964 σπᾶν
653 923 728 964 τὸν
758 922 892 964 ἵππον
925 922 975 963 R.
1010 935 1103 975 cqu.
1139 922 1177 975 7,
1204 923 1241 963 1.
1289 923 1355 975 12,
1379 923 1419 964 9.
1497 915 1882 974 συντεκμαιρομένη

330 994 437 1036 ὅσον
484 994 567 1035 ἔδει
606 993 769 1045 ῥιπτεῖν
802 992 914 1044 ὕψος
955 994 1014 1043 ῶς
1063 993 1108 1034 ἐν
1149 993 1293 1048 ῥυθμῷ
1334 994 1529 1045 δέχεσθαι
1562 993 1719 1045 αὐτούς
1752 993 1884 1037 Gonv.

330 1066 369 1118 2,
394 1066 433 1106 8.
478 1065 592 1105 Hier.
627 1065 667 1117 6,
694 1066 761 1105 11.

471 1134 516 1188 d)
549 1135 757 1177 sententia
789 1134 1046 1176 antecedens
1078 1135 1252 1177 verbum
1292 1135 1427 1178 ἔξεστι
1461 1135 1667 1178 continet:
1701 1136 1767 1177 καὶ
1796 1135 1886 1178 κλέ-

329 1221 406 1258 ψαι
439 1206 515 1247 οὐκ
547 1205 759 1247 ἀδύνατόν
793 1220 860 1257 μοι
894 1208 1008 1246 δοκεῖ
1040 1205 1157 1255 εἶναι,
1191 1206 1286 1249 ἐξὸν
1319 1207 1393 1257 μὲν
1425 1207 1577 1257 νυκτὸς
1611 1206 1716 1248 ἰέναι
1747 1206 1808 1258 ὡς
1830 1207 1884 1258 μὴ

330 1277 520 1328 ὁρᾶσθαι,
553 1277 648 1319 ἐξὸν
681 1277 727 1317 δὲ
758 1276 959 1318 ἀπελθεῖν
991 1265 1204 1318 τᾶσοῦτον
1252 1277 1311 1328 ὡς
1360 1278 1412 1328 μὴ
1454 1277 1654 1328 αἴσθησιν
1685 1278 1886 1329 παρέχειν

330 1348 464 1389 Anab.
500 1348 558 1389 IV
591 1348 631 1400 6,
665 1348 731 1388 13.
1716 1403 1718 1406 y

473 1420 512 1471 e)
546 1418 774 1459 infinitivus
806 1431 893 1460 rem
925 1419 1122 1473 exprimit
1155 1432 1263 1472 quae
1296 1419 1496 1472 consequi
1541 1418 1676 1474 possit
1714 1418 1782 1462 vel
1812 1431 1886 1474 po-

331 1490 473 1532 tuerit:
508 1490 646 1531 πάντα
677 1490 799 1531 <ικανὰ
822 1493 1044 1541 προσῆγον
1067 1491 1126 1541 ῶς
1150 1494 1372 1541 δειπνῆσαι
1395 1493 1539 1532 πᾶσαν
1561 1491 1637 1542 τὴν
1659 1491 1741 1532 σὺν
1765 1490 1884 1546 Κύρῳ

332 1561 536 1612 στρατιάν
569 1561 667 1615 Cyr.
701 1561 738 1603 V
770 1562 808 1610 2,
838 1561 878 1602 5.
927 1561 1036 1602 Hell.
1071 1561 1131 1603 VI
1166 1562 1201 1611 1,
1226 1562 1293 1603 13.
1356 1563 1423 1602 καὶ
1462 1561 1541 1612 γὰρ
1585 1560 1720 1613 ἀγαθή
1768 1561 1885 1603 ἐστιν

330 1633 463 1683 ἡμέρα
495 1632 554 1682 ὡς
587 1631 739 1682 ἀρετῆς
773 1631 976 1683 ἄρχεσθαι
1017 1632 1118 1674 Oec.
1155 1633 1221 1686 11,
1246 1632 1286 1674 6.
1348 1632 1424 1683 τὰς
1453 1633 1627 1683 πορείας
1650 1631 1763 1674 οὕτω
1787 1634 1883 1684 βρα-

330 1704 445 1754 χείας
477 1705 699 1744 ποιοῦνται
732 1703 791 1753 ὡς
824 1701 966 1754 μηδέν’
1001 1703 1053 1744 ἂν
1086 1703 1145 1744 ἔτι
1184 1703 1396 1755 θαυμάσαι
1439 1704 1488 1745 τὸ
1528 1703 1760 1755 ἀπέχεσθαι
1797 1705 1884 1745 τῶν

330 1774 582 1823 ἀναγκαίων.
617 1773 730 1828 [Cyr.
764 1774 871 1815 VIII
903 1774 942 1827 8,
970 1773 1052 1828 11.]
1087 1776 1143 1827 (v.
1176 1789 1218 1829 p.
1243 1774 1332 1826 59.)

471 1844 707 1886 Infinitivus
739 1858 827 1886 rem
860 1845 1056 1899 exprimit
1088 1859 1197 1899 quae
1227 1858 1374 1887 revera
1407 1846 1678 1899 consequitur
1699 1845 1767 1888 vel
1789 1858 1885 1888 cotr-
1958 1873 1961 1875 >

327 1920 471 1957 secuta
504 1919 586 1957 est:
635 1915 918 1967 ἐνετύγχανον
950 1916 1130 1968 τάφροις
1164 1917 1230 1958 καὶ
1263 1917 1454 1958 αὐλῶσιν
1486 1916 1643 1968 ὕδατος
1675 1918 1883 1969 πλήρεσιν

328 1987 387 2037 ῶς
440 1988 492 2038 μὴ
541 1986 748 2028 δύνασθαι
795 1988 1025 2039 διαβαίνειν
1072 1987 1173 2029 ἄνευ
1221 1990 1421 2040 γεφυρῶν
1482 1988 1620 2030 Anah.
1660 1988 1705 2029 II
1747 1988 1789 2043 3,
1815 1989 1884 2031 10.
1945 2048 1949 2052 ἥ
1985 1978 1988 1980 ‚

330 2058 540 2109 Κλέαρχος
573 2058 745 2101 ἐκόλαζε
778 2058 974 2109 ἰσχυρῶς,
1007 2060 1074 2100 καὶ
1106 2058 1211 2114 ὀργῇ
1244 2059 1394 2113 ἐνίοτε,
1427 2059 1487 2110 ῶς
1519 2060 1587 2101 καὶ
1618 2059 1734 2114 αὐτῷ
1763 2073 1884 2111 μετα-

329 2129 467 2179 μέλειν
500 2126 589 2169 ἕσθ’
624 2127 695 2169 ὅτε
727 2129 863 2170 Anab.
897 2129 941 2169 II
973 2130 1013 2183 6,
1037 2130 1077 2171 9.
1141 2129 1164 2170 ὁ
1197 2130 1388 2181 ποταμὸς
1420 2132 1631 2180 τοσοῦτος
1665 2119 1715 2172 τὸ
1753 2125 1896 2182 βάθος

329 2200 387 2250 ῶς
421 2200 523 2251 μηδὲ
555 2200 606 2240 τὰ
639 2200 799 2250 δόρατα
845 2200 1065 2251 ὑπερέχειν
1112 2201 1390 2252 πειρωμένοις
1430 2203 1506 2242 τοῦ
1549 2200 1706 2253 βάθους
1746 2200 1883 2243 Anab.

329 2271 396 2312 III
427 2271 467 2323 ἵ),
494 2271 532 2312 7.

471 2341 558 2383 Sed
588 2355 671 2383 non
704 2342 837 2384 solum
878 2355 972 2384 cum
1003 2342 1224 2396 infinitivo,
1273 2343 1401 2384 etiam
1449 2355 1543 2384 cum
1581 2341 1719 2384 modis
1757 2342 1885 2385 finitis

330 2412 597 2455 coniunctum
637 2413 696 2464 ῶς
735 2414 1063 2468 consecutivum,
1112 2413 1389 2456 antecedente
1435 2413 1681 2468 pronomine
1713 2414 1780 2456 vel
1811 2413 1884 2456 ad-

329 2485 473 2526 verbio
506 2483 851 2538 demonstrativo,
883 2498 966 2525 non
997 2485 1058 2526 ita
1089 2498 1184 2526 raro
1215 2485 1438 2527 invenitur.

474 2556 511 2597 1.
544 2568 681 2609 praes.
714 2554 801 2596 ind.
864 2556 947 2605 έγὼ
980 2554 1094 2597 οὕτω
1126 2556 1265 2597 πολλὰ
1298 2555 1381 2607 ἔχω
1414 2555 1473 2606 ῶς
1514 2556 1634 2607 μόλις
1672 2555 1779 2597 αὐτὰ
1816 2557 1884 2598 καὶ

329 2626 412 2676 ἐγὼ
435 2626 563 2677 αὐτὸς
587 2626 769 2677 εὑρίσκω
802 2626 932 2668 Conv.
965 2627 1006 2680 4,
1030 2627 1083 2668 37
1091 2659 1099 2668 .
1144 2626 1241 2682 Cyr.
1275 2627 1313 2668 V
1343 2627 1385 2680 4,
1412 2622 1478 2668 11'.
1522 2627 1632 2668 Hell.
1655 2627 1716 2669 IV
1751 2627 1789 2681 1,
1811 2627 1882 2669 33.

330 2697 390 2738 VI
426 2699 462 2751 l,
489 2697 555 2738 15.
600 2697 731 2739 Conv.
765 2698 805 2751 8,
830 2697 899 2739 35.
943 2698 994 2739 R.
1019 2711 1113 2751 equ.
1141 2699 1207 2751 11,
1231 2697 1271 2739 9.

470 2769 511 2809 2.
543 2768 707 2823 imperf.
755 2769 856 2819 τοὺς
890 2768 1245 2820 Λακεδαιμονίους
1293 2767 1431 2819 οὕτως
1459 2766 1510 2809 οἱ
1541 2769 1773 2810 πελτασταὶ
1804 2767 1883 2810 ὤκ-

329 2852 432 2880 νουν
465 2839 524 2889 ῶς
557 2840 679 2889 ἐντὸς
712 2839 1021 2890 ἀκοντίσματος
1055 2840 1105 2880 οὐ
1138 2843 1367 2894 προσῇσαν
1399 2841 1490 2889 τοῖς
1532 2839 1724 2890 ὁπλίταις
1771 2838 1881 2881 Hell.

329 2909 389 2951 IV
421 2910 462 2963 4,
488 2910 555 2950 16.
599 2909 697 2964 Cyr.
720 2910 827 2951 VIII
849 2910 889 2960 6,
913 2910 983 2951 23.
1027 2910 1156 2963 Ages.
1180 2910 1221 2964 3,
1245 2910 1286 2951 2.

471 2981 511 3023 3.
544 2995 631 3023 aor.
664 2981 749 3023 ind.
813 2980 925 3023 οὕτω
965 2982 1120 3032 τελέως
1161 2981 1185 3022 ὁ
1225 2981 1331 3033 ἀνὴρ
1371 2985 1420 3036 τῇ
1458 2982 1626 3033 πατρίδι
1666 2981 1880 3034 ὠφέλιμος
