2034 3458
1026 359 1259 394 -38-

534 479 573 520 8.
608 493 694 520 aor.
729 483 815 534 opt.
850 493 885 520 c.
919 478 972 520 ἄν
1005 478 1102 534 Cyr.
1136 480 1178 520 ΙΙ
1210 479 1344 534 4,15.
1393 480 1473 535 Rp.
1506 480 1610 522 Lac.
1646 481 1713 534 13,
1735 480 1777 522 5.

534 551 574 591 9.
608 550 771 605 imperf.
806 564 842 591 c.
876 549 929 591 ἄν
962 549 1059 604 Cyr.
1093 550 1175 592 VII
1211 551 1247 604 1,
1275 551 1341 592 16.

510 622 573 662 10.
607 635 694 663 aor.
727 620 812 662 ind.
847 635 883 662 c.
916 620 970 662 ἄν
1003 621 1101 675 Cyr.
1135 622 1195 663 IV
1226 622 1267 675 5,
1291 622 1332 663 6.
1380 621 1508 676 Ages.
1545 623 1582 676 1,
1605 623 1676 664 26.

508 693 572 733 11.
607 693 752 747 imper.
786 705 921 746 praes.
956 691 1053 747 Oyr.
1088 693 1106 733 I
1139 692 1179 746 3,
1207 692 1273 734 18.
1322 693 1452 735 Conv.
1485 694 1526 746 2,
1550 693 1590 734 9.
1623 693 1664 747 4,
1692 694 1758 736 16.

503 764 730 805 Praeterea
769 776 844 805 sex
884 763 988 805 locis
1027 763 1236 805 sententia
1278 763 1584 818 interrogativa
1627 764 1826 819 sequitur,
1873 765 1915 807 in

363 847 445 887 qua
477 839 616 876 exstat

503 907 545 957 α)
594 919 731 960 praes.
765 905 851 946 ind.
885 907 997 947 ὥστε
1036 906 1074 947 τί
1115 905 1221 947 ἄλλο
1261 906 1286 957 ἢ
1326 906 1664 958 ἱπποκένταυρος
1703 907 1916 959 γίγνομα1;

361 976 458 1031 Cyr.
495 977 552 1017 IV
586 977 626 1030 3,
651 977 720 1018 20.
754 977 860 1018 VIII
892 977 933 1030 4,
961 977 1027 1018 11.

505 1049 543 1099 β)
577 1061 713 1102 praes.
747 1052 834 1102 opt.
869 1062 904 1089 c.
938 1047 1008 1089 ἄν;
1041 1047 1153 1089 ὥστε
1185 1051 1277 1099 πῶς
1311 1048 1388 1089 οὐκ
1420 1048 1472 1090 ἂν
1505 1049 1588 1098 ἐγὼ
1622 1049 1792 1100 δικαίως
1815 1049 1914 1102 μνή-

361 1132 440 1169 μης
475 1117 739 1169 τυγχάνοιμι;
773 1118 870 1173 Cyr.
905 1119 1009 1160 VIII
1044 1119 1082 1172 7,
1106 1119 1147 1160 9.
1195 1119 1304 1160 Hell.
1338 1119 1398 1160 VI
1433 1120 1470 1173 1,
1496 1120 1534 1162 7.

501 1191 542 1240 γ)
576 1203 662 1231 aor.
697 1194 782 1244 opt.
817 1203 852 1231 c.
887 1189 957 1231 ἄν;
1005 1190 1117 1231 ὥστε
1150 1193 1349 1241 νικῶντες
1388 1191 1463 1241 μὲν
1501 1191 1594 1232 τίνα
1632 1191 1685 1233 ἂν
1723 1191 1913 1234 ἀποκτεί-

361 1274 523 1311 ναιμεν;
558 1260 693 1302 Anah.
728 1261 770 1301 Π
801 1261 842 1314 4,
867 1261 907 1302 6.
956 1261 1065 1302 Hell.
1100 1261 1159 1303 VI
1191 1261 1231 1315 5,
1254 1261 1325 1302 42.

503 1332 568 1372 De
601 1331 802 1386 simplicis
834 1333 1013 1386 optativi
1045 1345 1123 1374 usu
1153 1333 1196 1373 in
1237 1333 1337 1376 Oec.
1375 1333 1412 1386 1,
1446 1333 1511 1374 13.
1568 1332 1666 1388 Cyr.
1700 1333 1737 1375 V
1767 1333 1809 1388 5,
1842 1333 1912 1376 30.

360 1403 400 1456 3,
424 1403 491 1445 47.
542 1403 650 1445 Hell.
684 1403 748 1445 III
780 1403 820 1458 5,
845 1403 901 1445 23
935 1403 988 1446 cf.
1021 1418 1062 1460 p.
1095 1404 1165 1446 49.

647 1628 714 1671 De
747 1630 806 1679 ὡς
840 1629 1081 1683 particula
1113 1642 1201 1683 pro
1235 1631 1345 1675 ὥστε
1379 1629 1623 1684 usurpata.

502 1760 583 1800 Pro
616 1761 727 1801 ὥστε
768 1760 975 1814 particula
1013 1761 1257 1815 saepissime
1297 1761 1356 1811 ὡς
1396 1761 1588 1815 usurpari
1627 1761 1730 1802 satis
1767 1764 1911 1802 notum

359 1835 441 1883 ost3
492 1830 591 1883 quid
632 1832 796 1873 intersit
834 1845 916 1872 non
957 1835 1133 1873 constat.
1196 1832 1344 1885 Neque
1389 1831 1640 1873 crediderim
1687 1831 1910 1874 discrimen

358 1902 484 1943 statui
518 1915 642 1956 posse
673 1903 751 1943 nisi
788 1902 879 1956 hoc,
929 1902 1042 1956 quod
1074 1903 1220 1944 statuit
1253 1902 1405 1944 Semne
1437 1918 1478 1958 p.
1515 1903 1589 1945 19:
1639 1903 1820 1945 ‘Tamen
1851 1901 1911 1944 di-

358 1973 536 2014 scrimen
569 1972 739 2026 aliquod
774 1977 836 2015 est
868 1974 975 2014 inter
1007 1975 1118 2015 ὥστε
1152 1979 1194 2015 et
1227 1974 1297 2024 ὡς,
1340 1988 1424 2015 11011
1456 1974 1775 2028 significationis
1806 1973 1910 2020 illud

358 2043 540 2097 quidem,
589 2043 664 2085 sed
697 2058 808 2086 usus.
881 2044 1143 2098 Quamquam
1177 2045 1285 2086 enim
1318 2045 1377 2095 ὡς
1411 2046 1655 2100 saepissime
1686 2049 1911 2100 usurpatur
1945 2054 1953 2059 ζ

357 2129 432 2169 pro
467 2116 589 2164 ὥστε,
622 2129 833 2168 nunquam
866 2116 1035 2170 ponitur
1067 2117 1189 2165 ὥστε,
1221 2116 1291 2158 ubi
1324 2117 1522 2158 usitatum
1555 2122 1618 2158 est
1649 2117 1720 2168 ὡς,
1752 2117 1796 2158 111
1820 2129 1910 2158 sen-

358 2186 499 2227 tentiis
542 2186 749 2240 finalibus,
798 2186 1111 2241 temporalibus,
1159 2192 1256 2228 ante
1301 2187 1593 2242 superlativos,
1640 2192 1736 2242 post
1780 2187 1910 2230 verba
1989 2231 1991 2234 ,

357 2256 539 2309 dicendi,
574 2256 779 2298 sentiendi
812 2257 924 2299 sim.'

486 2329 726 2369 'Praeterea
757 2329 799 2369 in
831 2328 1074 2383 usurpanda
1106 2329 1165 2379 ὡς
1198 2342 1273 2383 pro
1306 2330 1418 2370 ὥστε
1449 2329 1657 2384 particula
1684 2329 1909 2384 scriptores

356 2399 530 2440 multum
563 2399 670 2440 inter
703 2412 747 2440 se
780 2399 999 2441 differunt:
1047 2414 1144 2441 nam
1177 2399 1309 2454 ‘apud
1341 2400 1566 2458 Homerum
1600 2400 1659 2450 ὡς
1695 2412 1908 2453 nunquam

356 2470 397 2510 in
431 2471 712 2511 consecutivis
744 2471 960 2512 sententiis
992 2471 1241 2512 invenimus’
1269 2470 1438 2524 (Seume
1455 2485 1495 2525 p.
1517 2471 1587 2523 19)
1623 2472 1748 2524 (quae
1770 2483 1908 2512 exem-

356 2541 427 2595 pla
459 2541 599 2582 attulit
631 2542 851 2583 Fellmann
882 2556 923 2596 p.
947 2542 1003 2583 23
1026 2555 1102 2595 sq.,
1136 2542 1258 2583 aliter
1290 2541 1545 2596 explicanda
1576 2543 1687 2593 sunt)
1720 2545 1762 2583 et
1794 2540 1907 2583 ‘cum

356 2611 606 2666 Aeschylus,
641 2611 886 2666 Sophocles,
920 2612 1173 2666 Herodotus,
1206 2612 1444 2667 Xenophon
1476 2612 1535 2663 ὡς
1567 2626 1643 2667 pro
1675 2613 1788 2654 ὥστε
1819 2625 1908 2654 sae-

356 2682 525 2736 pissime
557 2687 728 2736 ponant,
777 2683 831 2724 ab
864 2682 1067 2737 Euripide
1101 2683 1159 2733 ὡς
1201 2683 1328 2724 semel
1368 2687 1529 2724 tantum
1569 2683 1629 2724 sic
1667 2686 1906 2738 usurpatur,

356 2766 492 2806 neque
523 2753 645 2807 plura
677 2754 871 2808 exempla
904 2758 1072 2795 exstant
1104 2753 1218 2808 apud
1251 2753 1545 2808 Thucydidem
1587 2758 1628 2795 et
1667 2753 1781 2808 apud
1812 2753 1906 2796 Pla-

356 2828 516 2876 tonem3
550 2824 592 2864 in
624 2824 907 2878 Aristophane
940 2829 1080 2866 autem
1113 2829 1154 2866 et
1186 2824 1420 2866 oratoribus
1442 2824 1595 2866 Atticis
1627 2824 1707 2866 hoc
1728 2824 1788 2875 ὡς
1811 2837 1903 2866 con-

356 2895 589 2937 secutivum
621 2895 775 2936 frustra
807 2894 1002 2948 quaeres'
1035 2895 1205 2952 (Semne
1237 2910 1277 2950 p.
1310 2896 1399 2947 21).

497 2966 636 3019 Atque
669 2965 908 3007 Herodotus
941 2966 1123 3020 quidem,
1173 2971 1217 3007 ut
1249 2966 1439 3007 omittam
1471 2966 1728 3008 elocutiones
1759 2966 1905 3020 quales

355 3041 450 3080 sunt
483 3037 542 3089 ὡς
577 3037 724 3093 (λόγῳ)
757 3037 899 3086 εἰπεῖν,
933 3038 991 3088 ὡς
1015 3037 1060 3078 ἐν
1083 3038 1292 3092 ἐλαχίστῳ
1316 3038 1378 3089 (ἐν
1396 3037 1542 3078 πλέονι
1561 3037 1691 3092 λόγῳ)
1714 3039 1905 3088 δηλῶσαι
