2034 3458
1048 315 1279 360 *12⁶*

388 438 602 499 μύρμηκας
635 441 926 497 συλλέγεσθαι,
959 443 1115 487 οὐδένα
1147 443 1201 487 ἄν
1232 451 1383 497 σφεων
1415 438 1718 490 ἀποσώζεσθαι
1749 437 1816 489 ῘῘῙ
1842 437 1942 490 105.

388 520 462 560 τὸν
494 519 572 569 γὰρ
605 519 796 569 ποταμὸν
829 521 997 569 πρῆγμα
1029 517 1082 558 ἂν
1113 516 1165 567 ἦν
1197 519 1357 568 μοῦνον
1389 518 1552 559 ἐπεῖναί
1584 518 1836 570 σφεωνέπὶ
1863 518 1942 571 τὴν

387 589 541 640 χώρην,
574 588 686 630 ὥστε
719 589 963 638 Θεσσαλίην
995 590 1140 629 πᾶσαν
1172 587 1251 631 ἔξω
1283 590 1370 629 τῶν
1402 588 1540 639 ὀρέων
1572 588 1796 640 ὑπόβρυχα
1826 589 1943 640 γενέ-

387 663 484 701 σθαι
517 659 598 701 VII
634 659 730 700 130.
793 659 951 711 (Verba
984 671 1092 711 quae
1124 658 1320 712 leguntur
1351 659 1371 700 I
1395 658 1450 700 75
1483 658 1595 701 ὥστε
1720 658 1940 715 ἀμφοτέρῃ
1980 696 1982 698 .

387 731 584 782 διαβατὸς
618 731 786 780 ἐγένετο
818 730 859 771 in
892 729 1082 771 oratione
1114 730 1285 783 obliqua
1316 730 1579 784 parenthesis
1607 727 1747 774 locum
1783 731 1941 774 habere

386 800 575 855 putanda
605 802 731 853 sunt.)

526 872 567 913 2.
615 871 657 912 in
689 871 913 926 participio
946 872 1085 926 posita
1118 884 1171 913 ex
1202 871 1332 913 verbo
1365 871 1595 914 sentiendi:
1937 926 1939 929 Ι

527 943 655 993 αὐτὸς
689 942 801 984 οὕτω
834 942 965 994 κάρτα
998 943 1132 984 δοκέω
1163 941 1279 992 εἶναι,
1313 943 1415 985 ἰδών
1437 957 1482 985 τε
1503 945 1580 995 τὴν
1602 942 1816 994 Αἴγυπτον
1836 957 1940 1005 προ-

385 1014 576 1065 κειμένην
616 1017 690 1065 τῆς
731 1014 934 1065 ἐχομένης
974 1017 1051 1064 γῆς
1097 1013 1299 1065 κογχύλιά
1343 1028 1388 1055 τε
1432 1015 1671 1066 φαινόμενα
1715 1014 1784 1057 ἐπὶ
1826 1017 1941 1058 τοῖσι

385 1085 504 1136 ὄρεσι
536 1086 602 1126 καὶ
631 1085 767 1136 ἅλμην
789 1085 1097 1134 ἐπανθέουσαν,
1130 1084 1242 1126 ὥστε
1264 1086 1330 1126 καὶ
1352 1085 1428 1136 τὰς
1451 1086 1690 1137 πυραμίδας
1714 1086 1940 1138 δηλέεσθαι

385 1157 513 1197 1112.
577 1156 834 1207 συνοίδαμεν
866 1156 964 1206 ὑμῖν
996 1155 1079 1196 ὑπὸ
1111 1156 1188 1197 τὸν
1210 1156 1425 1207 παρεόντα
1446 1156 1571 1198 τόνδε
1599 1157 1788 1209 πόλεμον
1818 1157 1940 1200 ἐοῦσι

384 1227 548 1268 πολλὸν
579 1226 950 1277 προθυμοτάτοισι,
983 1225 1095 1267 ὥστε
1127 1227 1194 1267 καὶ
1225 1229 1358 1268 ταῦτα
1389 1226 1612 1269 ἐσακούειν
1643 1227 1709 1269 IX
1729 1227 1801 1271 60.

524 1297 565 1338 3.
613 1310 666 1338 ex
699 1296 762 1338 ὅτι
796 1297 1108 1339 coniunctione:

524 1368 726 1418 ἐξήλαυνε
760 1369 806 1409 δὲ
837 1370 972 1409 τῶνδε
1005 1368 1174 1418 εἵνεκεν,
1214 1367 1278 1410 ὅτι
1311 1367 1410 1410 οὔτε
1440 1369 1652 1420 ἱππασίμη
1682 1369 1708 1420 ἡ
1740 1369 1857 1422 χώρη
1885 1368 1939 1422 ἦν

381 1439 407 1489 ἡ
440 1437 612 1490 Ἀττική,
645 1438 681 1480 εἴ
701 1453 746 1480 τε
769 1443 920 1494 νικῷτο
943 1439 1186 1491 συμβαλών,
1218 1438 1452 1490 ἀπάλλαξις
1485 1440 1563 1481 οὐκ
1589 1439 1641 1491 ἦν
1670 1439 1735 1482 ὅτι
1756 1441 1939 1492 μὴκατὰ

383 1510 563 1559 στεινόν,
616 1509 728 1551 ὥστε
772 1510 838 1550 καὶ
883 1509 1056 1560 ὀλίγους
1101 1510 1241 1561 σφέας
1286 1509 1542 1561 ἀνθρώπους
1585 1510 1724 1563 ἴσχειν
1769 1510 1835 1554 IX
1869 1511 1937 1554 13.

383 1580 448 1631 (In
487 1580 709 1634 sententia,
759 1593 866 1633 quae
907 1582 1048 1622 exstat
1086 1581 1129 1621 Π
1164 1580 1217 1622 19
1266 1580 1378 1622 ὥστε
1426 1582 1583 1632 βραχὺς
1630 1581 1707 1624 τὸν
1753 1583 1938 1635 χειμῶνα

383 1650 550 1692 ἅπαντα
583 1651 783 1692 διατελέει
816 1651 900 1693 ἐών
932 1655 1027 1706 post
1058 1652 1277 1703 πρόθυμος
1310 1651 1359 1693 ἔα
1390 1652 1491 1694 τάδε
1523 1650 1621 1704 παρ’
1646 1653 1790 1696 αὐτῶν
1809 1653 1936 1696 πυθέ-

382 1726 480 1763 σθαι
513 1722 576 1763 ὅτι
610 1726 690 1764 ete.
725 1722 873 1764 eodem
904 1722 1030 1764 modo
1069 1737 1120 1765 ae
1158 1736 1285 1778 supra
1321 1723 1364 1764 in
1403 1724 1423 1764 I
1457 1723 1512 1766 75
1551 1723 1816 1779 parenthesis
1854 1728 1937 1768 sta-

382 1792 538 1834 tuenda
570 1806 661 1835 esse
692 1793 795 1835 mihi
827 1793 1026 1846 videtur.)

522 1864 559 1917 f)
607 1864 837 1907 infinitivus
870 1878 963 1906 eum
996 1865 1108 1907 ὥστε
1141 1866 1388 1908 coniunctus
1427 1866 1670 1922 explicandi
1709 1879 1840 1911 eausa
1877 1865 1935 1910 ad

380 1948 609 1989 pronomen
647 1935 1021 1978 demonstrativum
1059 1936 1246 1979 aceedit:
1296 1937 1330 1978 εἰ
1362 1937 1442 1989 γὰρ
1475 1939 1527 1988 δὴ
1557 1938 1700 1979 τοῦτόλ
1717 1952 1767 1989 γε
1798 1938 1935 1981 δοκέει

380 2006 478 2057 ὑμῖν
511 2005 615 2047 εἶναι
647 2008 836 2058 χρηστὸν
868 2006 979 2048 ὥστε
1011 2008 1342 2059 τυραννεύεσθαι
1374 2009 1450 2059 τὰς
1483 2009 1620 2060 πόλις,
1667 2009 1788 2052 αὐτοὶ
1818 2011 1950 2068 ’πρῶ-χ

379 2090 443 2118 τοι
475 2077 686 2128 τύραννον
718 2078 1085 2130 καταστησάμενοι
1113 2079 1228 2130 παρὰ
1257 2080 1383 2131 σφίσι
1406 2080 1574 2122 αὐτοῖσι
1596 2079 1710 2131 οὕτω
1731 2081 1799 2124 καὶ
1820 2083 1935 2124 τοῖσι

380 2147 547 2189 ἄλλοισι
581 2149 751 2199 δίζησθε
783 2149 1031 2191 κατιστάναι
1064 2151 1099 2192 V
1126 2151 1225 2192 92‘1.

521 2219 569 2260 In
602 2218 677 2273 his,
712 2233 820 2273 quae
852 2219 1068 2274 hueusque
1100 2222 1355 2275 enumeravi,
1390 2222 1676 2277 exemplorum
1707 2221 1934 2277 generibus
1984 2235 1990 2243 ²

378 2288 513 2349 forma
545 2290 637 2344 ipsa
668 2290 919 2333 infinitivum
949 2292 1156 2347 postulat3
1189 2297 1411 2347 praeterea

519 2362 564 2414 g)
596 2360 826 2403 infinitivus
858 2362 971 2404 solus
1002 2367 1127 2418 aptus
1149 2367 1225 2418 est,
1260 2363 1330 2417 qui
1353 2377 1442 2406 rem
1464 2365 1686 2420 exprimat,
1719 2377 1829 2419 quae
1849 2377 1933 2407 non

377 2444 526 2473 revera
558 2436 837 2485 eonsequatur
868 2433 936 2475 vel
969 2438 1196 2476 eonseeuta
1227 2435 1294 2488 sit,
1343 2434 1417 2476 sed
1456 2436 1655 2489 consequi
1692 2436 1826 2492 possit
1863 2435 1932 2480 vel

376 2503 578 2556 potuerit:
618 2505 752 2544 ταῦτα
783 2504 863 2554 γὰρ
897 2506 971 2556 (se.
995 2504 1308 2560 Thermopylae
1341 2510 1383 2547 et
1404 2505 1692 2559 Artemisium)
1725 2506 1860 2559 ἀγχοῦ
1884 2520 1931 2550 τε

376 2571 575 2623 ἀλλήλων
607 2574 696 2615 ἐστὶ
729 2573 841 2616 ὥστε
872 2575 1163 2617 πυνθάνεσθαι
1195 2576 1246 2617 τὰ
1284 2577 1389 2618 κατὰ
1427 2577 1652 2628 ἑκατέρους
1689 2577 1817 2620 ἐόντα
1848 2576 1931 2621 VH

380 2643 476 2684 175.
539 2643 633 2686 Hue
665 2644 775 2686 trahi
807 2659 932 2700 posse
963 2645 1065 2688 mihi
1099 2646 1266 2688 videtur
1297 2647 1424 2689 etiam
1456 2648 1499 2689 II
1523 2649 1598 2690 71:
1631 2649 1681 2691 τὸ
1703 2649 1836 2701 δέρμα
1857 2649 1930 2691 αὐ-

375 2716 450 2754 τοῦ
484 2714 597 2756 οὕτω
630 2716 680 2766 δή
713 2730 751 2757 τι
783 2716 895 2767 παχύ
925 2717 1015 2758 ἐστι
1038 2717 1150 2759 ὥστε
1172 2717 1279 2759 αὔου
1302 2719 1533 2778 γενομένου
1556 2719 1689 2763 ξυστὰ
1710 2720 1929 2765 ποιέεσθαι

376 2785 417 2827 ἐξ
450 2786 592 2827 αὐτοῦ.

516 2857 698 2899 Exstant
729 2862 870 2900 autem
901 2859 1110 2913 permulta
1142 2860 1350 2915 exempla,
1383 2860 1426 2902 in
1458 2861 1609 2914 quibus
1636 2874 1772 2916 neque
1793 2861 1928 2905 forma

374 2940 509 2980 neque
548 2941 694 2970 sensus
732 2929 981 2972 infinitivum
1020 2931 1234 2985 postulare
1273 2931 1453 2986 videtur,
1501 2933 1657 2988 quippe
1694 2945 1803 2987 quae
1838 2945 1927 2976 rem

374 2999 623 3053 exprimant,
658 3012 766 3052 quae
798 3013 945 3042 revera
978 3006 1258 3054 eonsequatur
1290 3002 1357 3044 vel
1381 3007 1607 3045 eonseeuta
1629 3004 1696 3045 sit.
1759 3003 1842 3047 Hie
1863 3008 1927 3047 est
