2034 3458
819 302 1051 344 *47*

145 421 352 479 ἒξευρεῖν.
384 423 498 469 ὥστε
531 426 674 478 μέντοι
707 428 913 481 ὑπάρχειν
946 432 1231 483 δημοκρατίαν
1264 431 1340 483 μὲν
1372 428 1491 483 εἶναι,
1539 430 1718 485 ἀρκούν-

143 511 231 551 τως
263 499 311 540 be
342 501 472 540 τοῦτο
505 499 690 551 ἐξευρεῖν
724 501 775 542 οὐ
810 501 960 555 ῥᾴδιον
994 503 1103 545 Xen.
1139 503 1220 558 Rp.
1254 503 1354 546 Ath.
1389 506 1430 558 3,
1455 505 1495 547 9.
1559 506 1619 557 ὡς
1643 507 1718 557 μεν

61 564 96 596 ⁴⁸
140 570 199 622 δὴ
231 570 287 622 μὴ
320 569 583 622 βλάπτεσθαι
622 574 734 613 θεῶν
766 572 896 615 ἵλεων
929 573 1070 615 ὄντων
1102 577 1236 617 ταῦτα
1269 575 1393 617 ὅπλα.
1457 576 1517 627 ὡς
1548 578 1594 618 δὲ
1616 578 1718 629 τοὺς

132 641 369 694 ἐναντίους
403 641 618 694 βλάπτειν,
667 643 877 696 μάχαιραν
909 646 985 696 μὲν
1025 648 1189 697 μᾶλλον
1227 648 1252 698 ἢ
1285 648 1410 699 ξίφος
1447 648 1718 701 ἐπαινοῦμεν.

144 710 256 761 Xen.
289 712 342 756 R.
375 726 471 768 equ.
508 714 576 768 12,
603 715 671 756 11.

287 784 503 841 Pcrsaepe
535 786 664 828 etiam
695 786 947 830 infinitivum
989 788 1158 831 finalem
1206 790 1480 832 interclusum
1527 790 1720 836 videmus

128 856 287 900 verbis
318 858 569 911 sententiae,
602 871 629 900 a
661 872 745 912 qua
777 859 948 914 pendet,
983 860 1096 914 quod
1128 861 1171 902 in
1194 862 1414 904 sententiis
1437 864 1720 906 consecutivis

127 926 310 972 duobus
341 928 446 972 locis
479 930 673 985 exceptis
705 931 896 987 (Δαρείῳ
930 932 1160 984 ἐξαγγέλθη
1194 934 1271 975 τὸν
1304 934 1493 985 ἡγεμόνα
1520 935 1719 985 γενέσθαι

141 1002 219 1053 τῆς
251 1003 470 1053 συλλογῆς
503 1001 617 1044 ὥστε
649 1005 783 1044 ταῦτα
814 1007 1145 1055 συνυφανθῆναι
1177 1005 1254 1046 τὸν
1289 1005 1506 1056 Μιλήσιον
1529 1005 1719 1058 Ἀριστα-

142 1071 414 1125 γόβην-Ηθτ.
447 1073 485 1115 V
521 1073 619 1115 105.
684 1075 748 1125 δὶς
789 1075 870 1126 γὰρ
904 1076 980 1117 τὸν
1013 1076 1158 1126 αὐτόν,
1192 1075 1306 1118 ὥστε
1331 1078 1398 1118 καὶ
1421 1078 1609 1128 κτείνειν,
1642 1079 1721 1120 οὐκ

129 1143 421 1197 ἐπελάμβανε.
454 1144 592 1187 Thuc.
623 1145 669 1186 II
700 1146 771 1199 51,
795 1146 854 1199 6.)
887 1160 971 1188 non
1003 1147 1169 1189 inveni:

287 1217 492 1269 χρήματα,
538 1215 642 1259 ὥστ’
691 1217 803 1269 ἔχειν
841 1219 886 1269 ἐς
926 1219 1044 1268 αὐτά,
1085 1219 1263 1271 οἴσομεν
1327 1219 1463 1263 Thuc.
1499 1221 1519 1262 Ι
1555 1222 1652 1275 121,
1675 1222 1717 1263 5.

129 1285 207 1330 'VI
237 1287 309 1342 90,
330 1288 374 1330 4.
433 1288 518 1331 VII
552 1289 621 1343 77,
645 1289 686 1331 5.
767 1290 877 1331 Xen.
911 1289 1012 1345 Cyr.
1055 1291 1121 1332 ΙΙΙ
1154 1292 1194 1345 2,
1222 1291 1290 1333 16.
1369 1292 1394 1346 ᾖ
1428 1292 1570 1343 μέντοι
1604 1292 1718 1335 ὥστε

131 1361 278 1403 ’ταῦτα
313 1360 535 1411 γίγνεσθαι
574 1361 887 1413 ἐμηχανήσατο,
935 1363 1001 1404 καὶ
1034 1365 1163 1404 τοῦτο
1196 1364 1328 1405 καλὸν
1361 1365 1414 1415 μὴ
1448 1367 1717 1416 παραλιπεῖν.

145 1430 256 1474 Xen.
289 1431 372 1488 Rp.
404 1432 510 1475 L'ac.
544 1433 586 1487 9,
619 1433 661 1475 3.

288 1504 339 1546 In
369 1504 510 1547 locum
542 1504 740 1547 infinitivi
772 1505 911 1548 finalis
942 1505 1057 1548 modi
1090 1505 1197 1548 finiti
1231 1519 1326 1548 culn
1361 1506 1475 1549 ὥστε
1507 1508 1718 1562 particula

145 1575 361 1620 coniuncti
393 1590 479 1619 non
495 1576 744 1631 succedunt,
778 1577 974 1619 nimirum
998 1578 1097 1631 quia
1119 1577 1351 1620 infinitivus
1383 1579 1437 1621 ab
1470 1578 1554 1621 illis
1576 1579 1719 1622 verbis

144 1647 371 1702 efficiendi,
405 1647 678 1703 decernendi,
713 1649 1021 1704 commovendi,
1053 1649 1321 1705 prohibendi,
1351 1650 1599 1706 paciscendi
1632 1665 1715 1693 non

143 1719 283 1763 minus
313 1719 486 1777 pendet,
519 1721 555 1763 si
588 1722 701 1763 ὥστε
736 1721 918 1776 ponitur,
953 1735 1079 1775 quain
1111 1722 1146 1763 si
1180 1720 1321 1775 deestg
1356 1722 1549 1764 absolute
1572 1727 1715 1764 autem

145 1796 373 1848 usurpatus
418 1806 502 1835 non
550 1806 639 1835 rem
687 1793 900 1849 exprimit,
950 1807 1058 1847 quae
1099 1807 1144 1835 re
1184 1807 1287 1835 vera
1326 1799 1609 1848 consequatur
1651 1794 1717 1837 vcl

144 1868 376 1907 consecuta
407 1864 476 1907 sit.

285 1936 508 1993 Perpauca
540 1937 738 1993 exempla
769 1937 811 1978 in
843 1936 1018 1979 dubium
1052 1937 1195 1979 vocari
1228 1942 1424 1992 possunt:

287 2009 504 2066 Ξενοφῶν
543 2011 590 2052 δὲ
622 2011 690 2051 καὶ
725 2010 989 2062 Χειρίσοφος
1031 2009 1311 2061 διεπράξαντο
1353 2009 1467 2051 ὥστε
1508 2010 1715 2062 λαβόντες

141 2082 249 2134 τοὺς
294 2083 473 2134 νεκροὺς
520 2082 744 2124 ἀπέδοσαν
790 2083 868 2124 τὸν
914 2082 1115 2133 ἡγεμόνα.
1173 2081 1283 2123 Xen.
1317 2081 1454 2123 Anab.
1488 2081 1548 2123 IV
1581 2083 1622 2135 2,
1646 2082 1716 2123 23.

119 2153 179 2196 ’ὁ
202 2154 250 2196 δὲ
287 2154 387 2205 θεὸς
427 2153 568 2205 οὕτως
607 2154 812 2205 ἐποίησεν
850 2153 963 2195 ὥστε
1004 2152 1239 2205 ἀμφότεροι
1288 2154 1362 2204 μὲν
1408 2153 1617 2205 τρόπαιον
1657 2154 1716 2204 ὡς

129 2226 412 2278 ’νενικηκότες
445 2226 701 2278 ἐστήσαντο,
748 2226 850 2276 τοὺς
892 2226 938 2267 δὲ
975 2226 1231 2276 ἱσταμένους
1270 2225 1487 2276 οὐδέτεροι
1526 2225 1718 2267 ἐκώλυον

125 2297 371 2349 ·ete.‚Xen.
405 2297 517 2340 Hell.
551 2298 635 2340 VII
668 2298 709 2351 ἶ),
734 2298 806 2339 26.
871 2296 957 2339 Sed
1006 2297 1090 2338 iam
1138 2311 1180 2352 p.
1213 2297 1270 2337 26
1310 2296 1453 2338 monui
1501 2296 1567 2338 his
1613 2297 1717 2339 locis

143 2370 277 2414 verba
308 2369 654 2422 διαπράττεσθαι,
686 2372 827 2411 ποιεῖν
860 2369 1053 2411 absolute
1085 2372 1289 2423 usurpata
1321 2382 1413 2410 esse
1459 2382 1596 2422 neque
1628 2382 1718 2410 ver-

144 2442 294 2486 borum
326 2441 552 2496 efficiendi,
586 2441 662 2484 sed
696 2441 854 2496 agendi
887 2442 973 2483 vim
1005 2439 1184 2494 habere3
1234 2439 1470 2482 sententiae
1502 2440 1631 2495 igitur
1662 2441 1716 2482 ab

144 2513 260 2557 ὥστε
290 2513 544 2570 incipientes
578 2512 839 2556 consecutivi
875 2511 1046 2567 generis
1078 2516 1187 2554 sunt.
1251 2512 1385 2554 Aliter
1417 2525 1484 2554 res
1516 2525 1561 2554 se
1590 2511 1719 2554 habet

129 2585 200 2629 ‘de
230 2585 334 2628 Her.
367 2585 436 2627 III
468 2585 546 2628 36:
597 2585 638 2627 οἱ
671 2586 717 2626 δὲ
750 2584 1012 2636 θεράποντες
1046 2582 1390 2634 κατακρύπτουσι
1422 2584 1499 2625 τὸν
1533 2584 1717 2634 Κροῖσον

126 2658 214 2700 «ἐπὶ
244 2660 356 2714 τῷδε
387 2661 448 2713 τῷ
482 2658 597 2712 λόγῳ
631 2658 757 2710 ὥστε,
799 2657 833 2698 εἰ
873 2657 949 2708 μὲν
997 2656 1264 2710 μεταμελήσῃ
1304 2659 1364 2709 τῷ
1408 2654 1607 2709 Καμβύσῃ
1648 2655 1715 2695 καὶ

144 2729 339 2785 ἐπιζητέῃ
371 2730 448 2771 τὸν
482 2730 678 2781 Κροῖσον,
711 2729 750 2770 οἱ
783 2730 829 2770 δὲ
862 2728 1126 2780 ἐκφήναντες
1159 2727 1292 2768 αὐτὸν
1325 2728 1443 2777 δῶρα
1476 2725 1715 2777 λάμψονται

142 2801 332 2854 ζωάγρια
365 2802 562 2853 Κροίσου,
609 2802 662 2852 ἢν
695 2802 741 2842 δὲ
775 2802 828 2851 μὴ
862 2800 1140 2851 μεταμέληται
1180 2799 1284 2850 μηδὲ
1322 2798 1455 2852 ποθέῃ
1494 2811 1573 2849 μιν,
1620 2797 1715 2839 τότε

143 2875 447 2926 καταχρᾶσθαι.
510 2872 797 2916 Indicativnm
838 2870 966 2913 futuri
1009 2870 1252 2922 λάμψονται
1286 2883 1362 2925 pro
1396 2868 1624 2921 λαμβάνειν
1657 2869 1715 2910 in-

142 2945 307 2988 finitivo
338 2945 611 3000 usurpavisse
641 2943 743 2986 mihi
768 2943 937 2985 videtur
955 2941 1210 2995 Herodotus,
1243 2945 1289 2982 ut
1312 2944 1472 2983 certam
1495 2944 1714 2995 exspecta-

142 3017 301 3060 tionem
342 3030 557 3059 servorum
598 3017 871 3071 exprimeret,
921 3029 1004 3068 qua
1053 3028 1125 3055 eos
1170 3012 1374 3067 deceptos
1422 3025 1513 3053 csse
1561 3011 1714 3052 deinde
