2034 3458
1009 328 1241 369 ,ὃὸ-.-

346 452 424 496 νῦν
457 455 502 495 δὲ
535 453 612 496 κᾶν
644 455 787 506 τυχεῖν
824 454 981 504 αὐτοὺς
1016 451 1265 505 Ἀθηναίους
1314 455 1366 506 μὴ
1416 453 1701 506 βουληθέντας
1748 451 1903 506 ἀγωνί-

346 529 501 574 ζεσθαι,
550 525 661 566 ὥστε
709 524 858 576 ἀμαχεὶ
898 525 950 566 ἂν
990 525 1283 576 περιγενέσθαι
1331 526 1476 576 αὐτοῖς
1510 525 1571 567 ὧν
1604 526 1725 567 ἕνεκα
1756 525 1904 577 ἦλθον.

347 596 481 638 Thue.
516 597 575 638 IV
610 596 678 649 73,
702 596 743 636 3.
808 596 901 637 Hae
948 596 1110 637 ratione
1158 596 1362 650 explicari
1403 610 1527 651 posse
1566 596 1669 638 mihi
1709 596 1906 639 videntur

346 667 491 708 etiam:
523 667 658 708 ἱκανοὶ
690 666 770 717 γὰρ
803 666 923 707 αὐτοὶ
956 666 1141 717 οἰόμενοι
1173 665 1279 707 εἶναι
1313 666 1397 717 ἅμα
1424 665 1459 708 τ’
1484 667 1536 708 ἂν
1559 667 1716 718 ἔμαθον
1737 667 1904 719 ἥσσους

346 737 468 787 ὄντες
502 739 567 778 καὶ
600 737 989 788 ἀποτετειχισμένοι
1029 737 1082 778 ἂν
1121 737 1242 788 ἦσαν,
1275 737 1387 779 ὥστε
1429 735 1522 789 μηδ’
1564 738 1598 780 εἰ
1635 739 1906 790 μετέπεμψαν

347 808 406 850 ἔτι
439 808 598 859 ὁμοίως
632 809 684 850 ἂν
717 808 874 858 αὐτοὺς
908 808 1104 859 ὠφελεῖν.
1138 802 1273 850 Thue.
1306 809 1388 850 VII
1419 809 1491 862 42,
1515 809 1556 850 3.
1624 809 1744 852 Haee
1774 809 1906 852 verba

347 893 399 921 ex
433 879 640 920 sententia
658 878 954 920 Demosthenis
987 878 1103 920 dieta
1136 892 1241 932 esse,
1275 878 1564 921 demonstrant
1596 893 1704 934 quae
1729 892 1906 934 sequun-

346 955 433 992 tur:
468 953 600 991 ταῦτα
633 949 711 991 οὖν
743 949 1004 991 ἀνασκοπῶν
1037 949 1060 991 ὁ
1083 950 1367 1001 Δημοσθένης
1400 950 1601 1002 ἐβούλετο
1639 949 1664 992 ὅ
1700 965 1738 993 τι
1774 950 1904 1003 τάχος

346 1021 675 1072 ἀποχρήσασθαι
708 1025 756 1075 τῇ
790 1020 988 1075 παρούσῃ
1022 1021 1227 1071 ἐκπλήξει.
1290 1024 1530 1075 praeterea:
1565 1021 1598 1063 εἰ
1621 1021 1667 1063 δέ
1688 1035 1751 1072 τις
1773 1021 1906 1066 οἴεται

347 1092 478 1134 αὐτὸν
526 1093 771 1143 ἐλέγχεσθαι
819 1093 914 1143 περὶ
961 1094 1036 1133 τοῦ
1086 1093 1305 1143 δαιμονίου
1346 1093 1624 1143 ψευδόμενον,
1657 1092 1905 1144 ἐννοησάτω

345 1166 518 1215 πρῶτον
551 1165 625 1214 μὲν
659 1162 722 1204 ὅτι
756 1162 894 1213 οὕτως
926 1163 1005 1214 ἤδη
1040 1163 1135 1204 τότε
1175 1164 1322 1214 πόρρω
1369 1167 1444 1214 τῆς
1484 1164 1647 1214 ἡλικίας
1687 1163 1752 1215 ἦν,
1799 1161 1902 1206 ὥστ’

347 1235 381 1276 εἰ
418 1236 484 1276 καὶ
518 1236 570 1285 μὴ
603 1234 700 1275 τότε
738 1234 816 1275 οὐκ
855 1234 908 1275 ἂν
955 1237 1102 1290 πολλῷ
1149 1233 1332 1286 ὕστερον
1379 1237 1628 1286 τελευτῆσαι
1675 1235 1751 1276 τὸν
1798 1235 1903 1287 βίον.

348 1305 471 1360 [Xen.
496 1305 655 1347 Conun.
687 1306 746 1347 IV
771 1306 810 1358 8,
838 1305 890 1359 1.]
946 1305 1180 1347 Infinitivus
1212 1319 1287 1360 pro
1321 1305 1552 1348 indicativo
1575 1305 1721 1348 aoristi
1742 1305 1906 1361 positus

331 1381 423 1431 est,
458 1377 557 1430 quia
589 1377 797 1418 sententia
829 1376 1085 1418 antecedens
1117 1377 1274 1432 pendet
1306 1377 1360 1419 ab
1393 1377 1642 1428 ἐννοησάτω
1674 1376 1750 1418 ὅτι.

490 1448 711 1490 Nonnullis
742 1448 847 1489 loeis
879 1447 931 1489 ἄν
964 1448 1173 1502 particula
1204 1448 1245 1489 in
1279 1448 1488 1490 sententia
1509 1447 1798 1490 'antecedente
1833 1460 1905 1503 po-

349 1519 430 1560 sita
459 1518 650 1560 effecisse
673 1518 853 1572 videtur,
886 1522 932 1559 ut
964 1519 1092 1560 etiam
1123 1519 1327 1561 infinitivo
1351 1518 1585 1561 sententiae
1608 1519 1905 1562 consecutivae

349 1589 402 1631 ἄν
434 1589 680 1631 adderetur:

491 1660 661 1711 ἀγῶνας
695 1660 747 1702 ἄν
770 1661 832 1711 τίς
856 1674 924 1711 μοι
947 1663 1062 1702 δοκεῖ
1084 1661 1302 1711 προειπὼν
1330 1660 1524 1712 ἑκάστοις
1547 1662 1614 1702 καὶ
1636 1660 1744 1703 ἆθλα
1765 1674 1905 1713 προτι-

349 1733 435 1782 θεὶς
469 1730 634 1782 μάλιστ’
670 1732 722 1773 ἂν
755 1735 893 1773 ποιεῖν
925 1731 970 1773 εὖ
1004 1731 1226 1773 ἀσκεῖσθαι
1258 1732 1426 1781 ἕκαστα,
1459 1731 1571 1773 ὥστε
1602 1732 1734 1774 ὁπότε
1765 1733 1904 1775 δέοιτο

350 1803 460 1855 ἔχειν
494 1803 546 1844 ἂν
578 1803 996 1854 παρεσκευασμένοις
1030 1806 1210 1854 χρῆσθαι
1243 1803 1351 1844 Xen.
1386 1803 1484 1858 Oyr.
1518 1803 1538 1844 I
1570 1803 1704 1857 6,18.
1751 1804 1818 1845 καὶ
1847 1803 1903 1845 αἰ-

348 1876 450 1924 δοῦς
484 1874 536 1915 ἂν
567 1874 712 1924 ἡγεῖτο
745 1876 907 1925 μᾶλλον
949 1874 1112 1924 πάντας
1151 1874 1447 1925 ἐμπιμπλάναι,
1487 1874 1522 1915 εἰ
1553 1874 1682 1925 αὐτὸς
1715 1875 1904 1926 φανερὸς

348 1945 409 1996 εἴη
443 1945 607 1995 πάντας
640 1944 779 1995 οὕτως
814 1945 1076 1996 αἰδούμενος,
1115 1945 1174 1995 ὡς
1209 1943 1299 1996 μήτ’
1334 1945 1467 1987 εἰπεῖν
1507 1945 1559 1987 ἂν
1597 1945 1697 1997 μήτε
1729 1948 1904 1997 ποιῆσαι

348 2018 477 2067 μηδὲν
510 2016 700 2067 αἰσχρόν.
737 2016 842 2057 Xen.
876 2016 973 2070 Cyr.
1008 2016 1111 2057 VIII
1147 2018 1184 2069 1,
1209 2017 1278 2058 27.

491 2088 538 2128 In
571 2087 706 2129 Thue.
740 2088 782 2128 II
814 2087 885 2141 49,
908 2088 935 2128 ἵ)
982 2087 1033 2128 τὰ
1074 2088 1120 2128 δὲ
1160 2088 1281 2138 ἐντὸς
1315 2086 1453 2138 οὕτως
1487 2087 1632 2129 ἐκάετο
1665 2087 1778 2129 ὥστε
1809 2085 1903 2139 μηδ’

348 2158 454 2200 ἄλλο
486 2173 523 2200 τι
555 2159 579 2209 ἢ
612 2159 763 2209 γυμνοὶ
796 2158 1033 2209 ἀνέχεσθαι,
1065 2158 1217 2209 ἥδιστά
1250 2173 1294 2200 τε
1316 2159 1369 2200 ἂν
1391 2159 1435 2209 ἐς
1458 2158 1574 2210 ὕδωρ
1595 2159 1764 2210 ψυχρὸν
1786 2160 1905 2210 σφᾶς

347 2230 503 2280 αὐτοὺς
538 2230 698 2281 ῥίπτειν
731 2229 961 2271 infinitivus
1002 2229 1228 2281 ἀνέχεσθαι
1277 2243 1406 2272 eausa
1437 2230 1565 2271 fuisse
1603 2229 1784 2284 videtur,
1832 2242 1906 2272 eur

347 2301 499 2351 ἥδιστα
533 2301 585 2341 ἂν
619 2300 779 2351 ῥίπτειν
810 2303 1037 2355 poneretur
1067 2314 1143 2355 pro
1176 2301 1328 2351 ἥδιστα
1361 2301 1414 2342 ἂν
1446 2300 1658 2352 ἔῤῥιπτον.

490 2370 710 2422 Quomodo
750 2375 891 2412 autem
932 2371 1137 2425 explicari
1185 2372 1347 2426 possint
1386 2371 1494 2414 haee
1535 2385 1643 2426 quae
1676 2375 1905 2425 sequuntur

348 2443 555 2497 exempla7
591 2441 786 2496 equidem
818 2455 901 2483 non
934 2442 1076 2484 video:

489 2514 555 2555 καί
589 2527 657 2564 μοι
690 2513 729 2554 οἱ
761 2514 848 2554 θεοὶ
882 2512 1020 2563 οὕτως
1054 2513 1100 2554 ἐν
1131 2516 1222 2563 τοῖς
1254 2514 1384 2564 ἱεροῖς
1423 2514 1640 2565 ἐσήμηναν
1679 2514 1791 2555 ὥστε
1837 2514 1903 2555 καὶ

348 2584 519 2635 ἰδιώτην
561 2585 613 2625 ἂν
645 2587 816 2634 γνῶναι,
857 2583 920 2625 ὅτι
958 2588 1033 2635 τῆς
1075 2585 1305 2636 μοναρχίας
1340 2584 1571 2636 ἀπέχεσθαί
1604 2599 1652 2636 με
1685 2588 1748 2626 δεῖ
1794 2585 1903 2626 Xen.

348 2655 484 2697 Anah.
520 2656 577 2697 VI
614 2657 651 2709 1,
676 2656 745 2696 31.
809 2657 875 2696 καὶ
921 2656 1001 2707 γὰρ
1048 2656 1207 2706 ἤκουον
1244 2659 1319 2697 τοῦ
1360 2656 1582 2697 Διονύσου
1630 2657 1704 2707 μὲν
1750 2656 1905 2707 ἐπερω-

347 2729 509 2776 τῶντος
543 2727 686 2777 αὐτὴν,
720 2726 753 2768 εἰ
771 2729 887 2778 φιλεῖ
919 2727 1061 2776 αὐτὸν,
1093 2730 1168 2777 τῆς
1207 2725 1244 2768 δ’
1279 2726 1417 2777 οὕτως
1451 2727 1761 2778 ἐπομνυούσης,
1793 2724 1905 2768 ὥστε

348 2798 400 2849 μὴ
435 2797 567 2847 μόνον
599 2798 675 2838 τὸν
709 2798 940 2846 Διόνυσον,
974 2797 1082 2838 ἀλλὰ
1112 2799 1178 2838 καὶ
1201 2798 1300 2848 τοὺς
1323 2798 1540 2849 παρόντας
1564 2797 1756 2849 ἅπαντας
1780 2808 1904 2840 συνο-

349 2869 475 2919 μόσαι
509 2868 561 2909 ἂν
593 2868 617 2919 ἦ
652 2869 732 2918 μὴν
764 2869 839 2909 τὸν
871 2871 1003 2909 παῖδα
1035 2869 1101 2909 καὶ
1139 2870 1216 2919 τὴν
1254 2871 1385 2909 παῖδα
1425 2866 1495 2909 ὑπ’
1537 2868 1749 2919 ἀλλήλων
1772 2870 1905 2920 φιλεῖ-

349 2943 446 2980 σθαι
480 2939 589 2980 Xen.
624 2938 753 2980 Conv.
788 2939 828 2992 9,
852 2939 892 2980 6.
945 2937 1120 2989 Πέρσας
1143 2939 1307 2989 πάντας
1330 2942 1611 2990 παρακαλεῖτε
1633 2943 1902 2990 συνησθησο-

349 3010 502 3062 μένους
537 3010 626 3061 ἐμοὶ
660 3009 723 3050 ὅτι
757 3010 803 3050 ἐν
834 3013 893 3064 τῷ
926 3009 1115 3060 ἀσφαλεῖ
1161 3010 1239 3060 ἤδη
1289 3009 1450 3060 ἔσομαι,
1491 3010 1550 3060 ὡς
1589 3011 1718 3061 μηδὲν
1757 3010 1811 3051 ἂν
1843 3009 1903 3052 ἔτι
