2034 3458
1046 309 1281 351 ⁸-.11ss...

383 435 616 493 comparari
651 440 801 492 potest,
851 436 1006 491 quippe
1040 449 1147 489 quac
1180 435 1319 477 omnia
1351 433 1607 477 consecutivi
1641 432 1807 489 generis
1838 431 1934 477 sint.

383 511 500 551 (Her.
535 509 641 550 VIII
673 509 726 550 57
778 508 915 558 μένειν
965 521 1038 561 pro
1087 507 1247 558 μενέειν
1286 520 1379 548 cum
1418 507 1637 561 Kruegero
1670 505 1936 548 scribendum

383 594 474 622 esse
507 581 639 634 puto).
720 578 1000 628 Quamolnvm
1035 578 1176 619 neseio
1217 591 1269 619 an
1307 591 1383 632 pro
1416 578 1620 619 infinitivo
1653 577 1780 619 futuri
1811 590 1935 619 κατα-

383 652 558 701 στήσειν
590 650 819 691 infinitivus
851 649 996 690 aoristi
1030 652 1292 699 καταστῆσαι
1324 648 1544 703 ponendus
1576 649 1642 702 sit,
1677 648 1746 702 qui
1779 648 1937 703 optimc

363 721 576 775 ¹congruit
623 734 716 762 cum
764 719 970 760 infinitivo
1012 719 1208 770 ἀδικῆσαι
1242 718 1340 771 (Th.
1374 719 1440 760 ΠΙ
1472 719 1542 773 28,
1566 720 1623 771 2),
1657 719 1751 761 aliis
1771 718 1936 761 multis.

524 791 723 833 Infinitivi
756 791 892 832 finalis
926 791 1096 844 negatio
1130 795 1193 831 est
1225 791 1289 841 μή.
1352 790 1474 832 Hanc
1504 791 1773 844 negationem
1819 803 1938 833 acce-

384 863 483 905 dere
515 862 569 904 ad
603 862 854 903 infinitivum
886 866 980 916 post
1013 861 1196 916 positiva
1227 861 1358 903 verba
1389 861 1653 916 prohibendi,
1694 861 1772 903 ubi*
1796 866 1940 904 nostra

382 934 526 987 lingua
558 932 825 986 negationem
860 932 1027 985 omittit,
1061 932 1163 973 satis
1196 937 1339 973 notum
1372 936 1452 974 est:
1488 933 1606 983 μόλις
1640 933 1679 974 οἱ
1709 934 1939 984 στρατηγοὶ

382 1005 591 1055 κατέσχον
631 1005 742 1044 ὥστε
781 1004 833 1054 μὴ
875 1004 941 1044 καὶ
979 1004 1080 1054 τοὺς
1119 1003 1373 1054 ἀνθρώπους
1414 1004 1732 1055 διαφθείρεσθαι
1765 1003 1846 1046 Th.
1878 1003 1939 1046 IV

363 1077 482 1128 130,
516 1076 556 1116 6.
615 1074 695 1115 Th.
729 1074 749 1114 Ι
782 1074 852 1127 34,
876 1075 916 1115 3.
959 1074 1030 1127 49,
1057 1075 1094 1115 7.
1138 1074 1198 1115 IV
1235 1074 1331 1127 132,
1355 1075 1396 1115 2.
1443 1075 1477 1116 V
1508 1074 1579 1127 49,
1607 1076 1644 1116 1.
1687 1074 1771 1116 VII
1802 1074 1874 1128 36,
1895 1075 1938 1116 4.

384 1146 490 1189 VIII
525 1146 621 1198 108,
649 1147 685 1186 1.
729 1144 865 1186 Anab.
899 1145 966 1185 III
998 1145 1038 1198 ἵ),
1067 1146 1152 1186 11..
1195 1145 1380 1199 Negatio
1413 1144 1532 1187 deest
1569 1145 1678 1187 Xen.
1711 1145 1822 1187 Hell.
1855 1145 1940 1188 VII

384 1218 424 1270 2,
452 1217 522 1258 13:
557 1217 646 1257 ε’πεὶ
672 1218 718 1257 δὲ
743 1217 888 1267 καιρὸς
915 1216 1050 1257 ἐδόκει
1074 1216 1189 1265 ἰέναι,
1222 1215 1394 1271 ἀπῇσαν
1417 1217 1455 1258 οἱ
1477 1217 1670 1267 πολέμιοι
1702 1216 1840 1272 κύκλῳ
1862 1218 1938 1258 τοῦ

383 1287 664 1339 Τρικαράνου·
698 1289 809 1329 ὥστε
842 1287 922 1338 γὰρ
944 1288 1021 1337 τὴν
1051 1286 1267 1338 σύντομον
1298 1288 1406 1338 πρὸς
1439 1288 1540 1338 τοὺς
1562 1288 1810 1339 Πελληνέας
1841 1287 1938 1340 ἀφι-

384 1359 529 1399 κέσθαι
561 1359 585 1409 ἡ
619 1359 701 1409 πρὸ
734 1361 809 1399 τοῦ
843 1359 1009 1409 τείχους
1043 1358 1209 1410 φάραγξ
1243 1357 1364 1409 εἶργε.
1441 1359 1542 1400 Post
1577 1359 1780 1413 negativa
1809 1359 1941 1402 verba

386 1428 635 1484 prohibendi
668 1428 774 1470 haee
807 1428 889 1470 duo
923 1429 1118 1483 exempla
1151 1429 1436 1471 inveniuntur:
1486 1429 1584 1471 οὔτε
1625 1430 1765 1482 σφέας
1806 1430 1940 1482 Εὐρυ-

387 1500 532 1552 βιάδης
552 1501 740 1551 κατέχειν
764 1501 991 1550 δυνήσεται
1017 1499 1115 1541 οὔτε
1138 1514 1200 1550 τις
1233 1500 1474 1551 ἀνθρώπων
1506 1500 1637 1551 ἄλλος
1670 1502 1782 1543 ὥστε
1814 1502 1867 1552 μὴ
1889 1501 1941 1543 οὐ

387 1574 744 1622 διασκεδασθῆναι
776 1572 852 1621 τὴν
885 1572 1097 1622 στρατιήν.
1152 1571 1251 1612 Ηοι·.
1285 1571 1391 1613 VIII
1422 1572 1492 1613 57.
1555 1572 1622 1613 καί
1654 1581 1704 1613 σε
1736 1573 1838 1623 μήτε
1869 1572 1942 1615 νὺξ

386 1641 479 1694 μήθ’
506 1643 638 1693 ἡμέρα
662 1643 870 1693 ἐπισχέτω
895 1642 1007 1683 ὥστε
1039 1642 1201 1683 ἀνεῖναι
1233 1642 1445 1693 πράσσειν
1467 1657 1504 1684 τι
1537 1642 1598 1684 ὧν
1621 1643 1712 1694 ἐμοὶ
1733 1643 1941 1694 ὑπισχνεῑ.

387 1713 468 1755 Th.
501 1714 522 1754 I
558 1714 654 1767 129,
679 1714 718 1754 3.
782 1713 972 1755 Alterum
1005 1712 1151 1754 horum
1185 1714 1471 1768 exemplorum
1493 1713 1762 1768 negationem
1794 1715 1847 1765 μὴ
1874 1714 1941 1768 οὐ,

387 1798 494 1838 quae
526 1789 621 1839 post
653 1785 853 1838 negativa
885 1785 1014 1826 verba
1045 1784 1296 1839 prohibendi
1328 1785 1577 1839 postulatur,
1611 1788 1725 1827 recte
1746 1785 1940 1840 praebet3

386 1857 427 1897 in
461 1856 593 1897 altero
634 1855 745 1896 ὥστε
786 1855 948 1896 ἀνεῖναι
997 1856 1311 1897 consecutivam
1358 1856 1443 1897 vim
1491 1855 1664 1898 exhibet
1703 1843 1807 1911 *post
1853 1869 1942 1898 sen-

388 1927 562 1968 tentiam
608 1927 866 1980 negativam,
914 1926 956 1967 in
997 1940 1080 1980 qua
1119 1927 1291 1968 verbum
1323 1926 1574 1981 prohibendi
1607 1927 1798 1981 absolute
1829 1940 1943 1970 usur-

388 2002 531 2052 patum
565 2001 641 2039 est.
1947 2037 1949 2039 .

532 2069 636 2111 Cum
668 2068 875 2110 infinitivo
898 2068 1012 2110 finali
1035 2068 1374 2123 particulamt'iv,
1409 2082 1516 2122 quae
1539 2069 1784 2124 saepissime
1805 2074 1945 2112 exstat

389 2139 502 2195 apud
535 2140 783 2182 infinitivum
817 2141 1145 2194 consecutivum,
1179 2140 1376 2194 coniungi
1409 2154 1491 2181 non
1523 2154 1647 2195 posse
1678 2145 1869 2196 apparet.

530 2212 757 2253 Praeterea
789 2210 1043 2253 monendum
1075 2215 1138 2253 est
1165 2210 1414 2253 infinitivum
1447 2211 1613 2253 finalem
1644 2225 1727 2253 non
1758 2212 1818 2254 ita
1848 2225 1943 2254 raro
1993 2212 1996 2215 ‘

389 2283 635 2336 sententiae,
685 2297 710 2324 a
750 2296 834 2335 qua
882 2282 1051 2337 pendet,
1099 2281 1366 2335 antecedere,
1415 2281 1528 2336 quod
1574 2295 1787 2336 nunquam
1825 2282 1871 2324 fit
1902 2283 1944 2324 in

389 2350 605 2395 sententiis
638 2354 938 2395 consecutivis:
975 2353 1086 2395 ὥστε
1118 2354 1300 2404 ἡσυχίαν
1333 2353 1517 2404 ἄγοντας
1550 2354 1658 2405 ἡμᾶς
1691 2354 1846 2406 φίλους
1869 2355 1944 2405 μὲν
1988 2377 1991 2380 <

389 2424 494 2466 εἶναι
529 2424 621 2466 ἀντὶ
654 2425 880 2476 πολεμίων,
913 2425 1153 2476 ξυμμάχους
1188 2426 1233 2465 δὲ
1266 2425 1519 2478 μηδετέρων,
1553 2425 1631 2466 οὐκ
1658 2424 1711 2466 ἂν
1733 2425 1944 2474 δέξαισθε;

390 2495 549 2547 (ὥστε
613 2509 664 2537 ea
696 2495 944 2537 condicione
976 2497 1037 2548 ut)
1071 2495 1151 2536 Th.
1186 2496 1222 2537 V
1245 2495 1315 2536 94.

533 2566 643 2608 ὥστε
678 2568 724 2607 δὲ
755 2568 832 2617 τὴν
871 2569 1050 2616 γυναῖκα
1097 2566 1341 2618 ἀπολαβεῖν,
1390 2567 1506 2607 πόσα
1555 2565 1608 2607 ἄν
1647 2580 1714 2617 μοι
1753 2567 1945 2618 χρήματα

392 2638 530 2688 δοίης;
564 2638 674 2679 Xen.
708 2638 806 2692 Cyr.
842 2638 907 2678 III
944 2639 980 2691 1,
1005 2638 1075 2679 35.

533 2708 644 2750 ὥστε
676 2709 756 2760 γὰρ
788 2710 864 2759 τὴν
897 2709 1113 2760 σύντομον
1159 2710 1267 2760 πρὸς
1307 2709 1407 2759 τοὺς
1439 2709 1686 2759 Πελληνέας
1718 2708 1944 2760 ἀφικέσθαι

391 2780 415 2829 ἡ
439 2779 607 2830 φάραγξ
640 2779 764 2830 εἶργε.
799 2780 908 2821 Xen.
942 2780 1051 2821 Hell.
1085 2780 1168 2822 VII
1199 2781 1240 2834 2,
1267 2780 1334 2821 13.

534 2850 645 2891 ὥστε
679 2851 725 2891 δὲ
759 2852 811 2901 μὴ
842 2850 1085 2892 ὀλισθάνειν
1112 2851 1136 2901 ἡ
1166 2850 1244 2901 ὕλη
1268 2851 1334 2891 καὶ
1355 2851 1380 2901 ἡ
1403 2853 1454 2901 γῆ
1478 2851 1641 2901 σχήσει.
1673 2850 1783 2892 Xen.
1807 2850 1944 2892 Anab.

392 2921 458 2961 III
491 2922 532 2974 ἴ),
560 2923 626 2962 11.
1092 2933 1096 2937 ·

539 2991 649 3033 ὥστε
683 2993 758 3043 μὲν
790 2993 870 3043 γὰρ
905 2993 1068 3044 βέλτιον
1101 2992 1211 3043 ἔχειν
1243 2994 1319 3043 τὴν
1351 2993 1567 3034 πολιτείαν
1600 2991 1694 3034 οἷόν
1722 3006 1766 3034 τε
1805 2993 1944 3034 πολλὰ
