2034 3458
297 438 337 491 β)
370 437 414 480 in
446 436 672 494 participio
706 436 844 492 posita
878 450 903 477 a
934 435 1077 478 verbis
1100 434 1310 477 sentiendi
1334 434 1447 476 sim.:
1482 434 1534 475 τὰ
1557 430 1593 475 δ’
1618 432 1728 475 ἄλλα

151 510 344 564 χρήματα
375 510 430 552 σὺ
463 508 700 559 ἀπαγαγὼν
732 507 933 560 φύλαττε,
977 505 1067 549 ἔστ’
1101 508 1154 549 ἂν
1187 507 1258 558 ἐμὲ
1295 506 1389 561 ἴδῃς
1427 506 1583 558 ἔχοντα
1615 505 1728 547 ὥστε

151 584 235 626 σοῦ
267 582 322 635 μὴ
354 581 563 634 ἡττᾶσθαι
595 579 981 631 ἀντιδωρούμενον.
1014 579 1125 621 Xen.
1160 579 1259 634 Cyr.
1293 578 1330 619 V
1362 578 1403 631 4,
1427 578 1498 620 32.

294 651 337 706 γ’)
371 653 427 696 ab
460 651 525 695 ὅτι
559 652 857 694 coniunctione
882 656 980 707 post
1002 651 1133 693 verba
1157 649 1406 693 declarandi
1429 653 1471 692 et
1493 648 1724 692 sentiendi:

151 726 220 769 καὶ
259 724 496 777 σύμπασαν
534 725 612 775 τὴν
651 724 788 766 οἰκίαν
828 724 1022 766 ἐπέδειξα
1062 723 1167 778 αὐτῇ
1210 722 1274 764 ὅτι
1315 723 1424 774 πρὸς
1465 722 1727 774 μεσημβρίαν

150 797 447 841 ἀναπέπταται
479 795 594 838 ὥστε
626 795 811 847 εὔδηλον
844 795 951 837 εἶναι
985 794 1049 837 ὅτι
1083 797 1291 846 χειμῶνος
1326 795 1401 846 μὲν
1429 794 1601 845 εὐήλιός
1624 794 1727 843 ἐστι,

149 872 226 913 τοῦ
259 869 307 912 δὲ
338 869 492 921 θέρους
526 867 710 919 εὔσκιος.
743 867 854 909 Xen.
889 867 991 910 Oee.
1025 867 1066 920 9,
1089 867 1131 908 4.

294 941 336 984 3.
384 944 482 997 post
529 940 782 983 sententiam
831 939 1182 994 interrogativam
1232 937 1486 994 pendentem
1531 952 1556 980 a
1596 937 1726 980 verbo

149 1011 441 1068 interrogandi
489 1013 603 1054 sinn:
665 1012 851 1062 καλέσας
893 1012 970 1053 τὸν
1012 1010 1214 1063 Γωβρύαν
1253 1010 1398 1062 ἠρώτα
1438 1011 1473 1052 εἰ
1513 1010 1575 1061 εἴη
1618 1009 1725 1061 ἄλλη

150 1085 268 1137 ὁδός,
300 1083 414 1127 ὥστε
447 1085 501 1136 μὴ
534 1083 648 1126 πάνυ
682 1084 809 1134 ἐγγὺς
835 1086 911 1125 τοῦ
935 1084 1103 1134 τείχους
1127 1082 1256 1133 ἄγειν.
1290 1082 1520 1138 Xen.Cy1·.
1540 1082 1576 1123 V
1594 1082 1635 1135 4,
1654 1082 1725 1124 41.

294 1157 415 1199 Haeo
446 1156 517 1198 lex
556 1169 641 1198 non
681 1155 890 1197 refutatur
928 1155 1155 1211 perpaucis
1193 1155 1311 1208 locis,
1362 1155 1432 1208 qui
1473 1153 1724 1196 abhorrent:

149 1229 187 1272 εἰ
216 1231 325 1281 γοῦν
355 1242 420 1280 τις
453 1232 595 1284 χρῷτο
628 1232 688 1283 τῷ
721 1227 910 1282 ἀργυρίῳ
944 1228 1058 1269 ὥστε
1088 1227 1321 1278 πριάμενος
1345 1226 1439 1268 οἷον
1462 1227 1635 1278 ἑταίραν
1658 1226 1727 1268 διὰ

147 1301 310 1353 ταύτην
341 1300 488 1343 κάκιον
521 1301 596 1352 μὲν
629 1300 678 1342 τὸ
711 1302 837 1351 σῶμα
870 1299 971 1351 ἔχοι,
1012 1299 1161 1341 κάκιον
1192 1300 1239 1341 δὲ
1271 1300 1349 1350 τὴν
1381 1299 1536 1350 ψυχὴν,
1579 1298 1726 1341 κάκιον

147 1374 196 1416 δὲ
226 1374 304 1416 τὸν
335 1371 467 1423 οἷκον,
501 1375 594 1423 πῶς
629 1372 682 1414 ἂν
715 1371 775 1413 ἔτι
808 1372 857 1413 τὸ
883 1371 1090 1423 ἀργύριον
1113 1371 1230 1426 αὐτῷ
1253 1371 1474 1423 ὠφέλιμον
1498 1370 1580 1422 εἴη;
1614 1371 1725 1412 Xen.

148 1445 252 1489 Oee.
287 1446 325 1499 1,
353 1445 421 1487 13.
485 1443 523 1486 εἴ
544 1458 608 1495 τις
633 1445 711 1495 τὴν
734 1446 915 1494 γυναῖκα
940 1444 1017 1494 τὴν
1040 1444 1124 1494 σὴν
1146 1442 1260 1484 οὕτω
1284 1442 1589 1494 θεραπεύσειεν
1613 1441 1725 1484 ὥστε

149 1519 295 1571 φιλεῖν
327 1517 462 1568 αὐτὴν
496 1517 659 1568 μᾶλλον
692 1516 913 1566 ποιήσειεν
946 1515 1101 1557 ἑαυτὸν
1133 1515 1158 1566 ἢ
1192 1515 1253 1564 σε’,
1287 1512 1352 1566 ἆρ’
1377 1513 1431 1556 ἄν
1464 1524 1514 1556 σε
1537 1518 1585 1569 τῇ
1610 1511 1726 1566 εὐερ-

148 1589 274 1644 γεσίᾳ
305 1588 436 1644 ταύτῃ
471 1587 702 1640 εὐφράναι;
736 1587 845 1629 Xen.
880 1587 979 1642 Cyr.
1014 1587 1051 1628 V
1083 1587 1126 1642 5,
1149 1587 1206 1628 30
1240 1586 1313 1638 (ef.
1347 1586 1383 1627 V
1406 1587 1447 1640 ἶ),
1471 1587 1528 1628 29
1562 1591 1603 1628 et
1635 1586 1725 1638 31).

148 1661 262 1704 πάνυ
304 1661 421 1716 αὐτῷ
461 1660 599 1702 ἐδόκει
640 1660 891 1710 θαυμαστὸν
931 1658 1050 1708 εἶναι,
1099 1659 1134 1700 εἰ
1175 1659 1215 1700 οἱ
1255 1659 1330 1710 μὲν
1365 1658 1573 1710 βάναυσοι
1605 1658 1726 1701 ἴσασι

147 1736 225 1786 τῆς
265 1733 422 1776 ἑαυτοῦ
464 1732 618 1784 τέχνης
660 1731 841 1782 ἕκαστος
883 1733 970 1773 τῶν
1012 1731 1245 1783 ἐργαλείων
1285 1731 1337 1772 τὰ
1369 1730 1572 1780 ὀνόματα,
1621 1730 1645 1771 ὁ
1679 1731 1726 1771 δὲ

149 1805 393 1858 στρατηγὸς
426 1803 568 1855 οὕτως
602 1804 765 1855 ἠλίθιος
799 1803 945 1845 ἔσοιτο
978 1804 1090 1845 ὥστε
1123 1803 1201 1844 οὐκ
1233 1802 1395 1845 εἴσοιτο
1421 1805 1507 1844 τῶν
1531 1799 1605 1854 ὑφ’
1630 1802 1725 1843 ἑαυ-

148 1881 210 1934 τῷ
239 1877 466 1929 ἡγεμόνων
498 1876 550 1918 τὰ
583 1876 786 1927 ὀνόματα.
836 1875 945 1917 Xen.
980 1875 1079 1930 (ξιτ.
1115 1875 1150 1916 V
1183 1875 1320 1928 3,-17.
1392 1875 1638 1924 ἐλογίζοντο
1679 1874 1725 1915 δὲ

149 1950 217 1992 καὶ
248 1949 298 1992 τὸ
330 1949 506 1991 ἱππικὸν
538 1948 599 2000 ὡς
632 1949 681 1990 τὸ
715 1950 791 1999 μὲν
823 1948 1060 1989 ἀντίπαλον
1084 1948 1206 1997 πολὺ,
1239 1948 1288 1989 τὸ
1321 1948 1367 1988 δὲ
1401 1947 1544 1988 αὐτῶν
1578 1946 1726 1996 ὀλίγον

146 2021 223 2073 εἴη,
255 2022 306 2063 τὸ
338 2021 384 2063 δὲ
426 2021 638 2072 μέγιστον,
672 2020 737 2062 ὅτι
771 2021 811 2062 οἱ
845 2021 986 2071 νεκροὶ
1020 2020 1104 2061 ὑπὸ
1137 2023 1197 2075 τῷ
1230 2020 1356 2070 τείχει
1389 2019 1562 2068 ἔκειντο,
1611 2019 1724 2060 ὥστε

149 2093 252 2135 οὐδὲ
283 2093 522 2145 κρείττοσιν
555 2091 654 2134 οὖσι
688 2092 757 2134 διὰ
789 2093 891 2143 τοὺς
925 2091 1011 2133 ἀπὸ
1044 2094 1130 2133 τῶν
1163 2091 1339 2142 πύργων
1370 2091 1519 2144 ῥᾴδιον
1543 2090 1606 2141 εἴη
1630 2090 1725 2132 ἀνε-

150 2165 311 2208 λέσθαι.
357 2163 469 2207 Xen.
503 2164 615 2206 Hell.
649 2164 715 2205 ΙΙΙ
747 2165 789 2219 ἵ),
814 2165 884 2206 23.
964 2165 1147 2205 ἐνταῦθα
1180 2164 1230 2214 δὴ
1264 2164 1340 2204 τὸν
1375 2164 1513 2214 Κῦρον
1545 2162 1724 2212 γελάσαι

145 2250 192 2279 τε
224 2236 272 2278 ἐκ
303 2238 392 2278 τῶν
425 2235 671 2288 ἔμπροσθεν
706 2235 903 2287 δακρύων
936 2237 1003 2277 καὶ
1036 2236 1170 2277 εἰπεῖν
1203 2235 1319 2290 αὐτῷ
1342 2237 1516 2286 θαρρεῖν
1545 2234 1725 2284 ἀπιόντι,

149 2306 215 2351 ὅτι
246 2308 457 2360 παρέσται
490 2308 638 2359 αὐτοῖς
672 2308 821 2358 ὀλίγου
856 2308 1027 2359 χρόνου,
1061 2307 1174 2349 ὥστε
1207 2307 1314 2359 ὁρᾶν
1337 2307 1502 2349 ἐξέσται
1526 2307 1604 2348 κᾶν
1629 2306 1724 2359 βού-

150 2382 273 2433 ληται
304 2379 637 2433 ἀσκαρδαμυκτί.
688 2380 797 2422 Xon.
833 2380 932 2435 Cyr.
967 2380 986 2421 I
1019 2380 1059 2433 4,
1084 2379 1155 2421 28.

293 2451 427 2495 Vides
458 2453 502 2494 in
534 2453 747 2494 sententia
780 2452 1056 2494 consecutiva
1096 2450 1277 2493 eundem
1318 2450 1488 2492 modum
1530 2450 1722 2506 usurpari

149 2528 279 2579 atque
310 2523 354 2566 in
385 2524 598 2567 sententia
630 2523 926 2577 antecedente,
962 2529 1112 2576 quater
1145 2522 1396 2578 optativum,
1431 2523 1560 2564 semel
1594 2523 1723 2564 futuri

148 2595 443 2639 indicativum.
507 2595 717 2647 Quoniam
751 2600 893 2638 autem
928 2595 1107 2650 simplex
1141 2595 1358 2650 optativus
1380 2607 1593 2648 nunquam
1628 2594 1723 2635 ‘nisi

150 2668 364 2711 sententia
394 2667 599 2724 primaria
630 2668 724 2723 ipsa
757 2667 949 2723 optativa
982 2666 1066 2708 est'
1101 2666 1272 2715 (Semne
1305 2681 1346 2722 p.
1379 2667 1436 2708 43
1470 2680 1533 2720 sq.
1568 2672 1725 2708 cetero-

149 2753 242 2782 rum
274 2740 527 2796 scriptorum
559 2740 761 2782 nonnulla
795 2740 992 2795 exempla
1025 2738 1167 2791 affert)
1206 2739 1430 2792 invenitur,
1481 2738 1567 2779 ‘illo
1607 2744 1724 2794 opta-

149 2811 227 2854 tivi
260 2816 358 2868 post
389 2812 628 2868 optativum
661 2811 788 2868 positi
823 2825 924 2853 usus
955 2815 1162 2853 monstrat
1204 2811 1538 2866 comparativam
1581 2824 1724 2852 conse-

150 2883 282 2927 cutivi
323 2883 437 2926 ὥστε
478 2884 833 2939 significationem
874 2897 900 2925 a
933 2883 1110 2926 Graecis
1150 2896 1317 2938 semper
1357 2888 1568 2924 servatam
1612 2882 1725 2924 cssc‘

150 2954 324 3009 (Semne
356 2969 398 3011 p.
430 2955 520 3008 48).
584 2955 749 2998 Eodem
782 2954 908 2998 modo
948 2955 1062 2997 illum
1104 2955 1230 2996 futuri
1274 2953 1552 2996 indicativum
1595 2954 1725 3010 expli-

151 3025 335 3070 candum
368 3039 461 3070 esse
493 3031 610 3083 puto.
674 3027 793 3079 Quae
832 3026 1051 3069 modorum
1093 3026 1342 3069 assimilatio
1383 3026 1510 3068 etiam
1552 3026 1594 3067 in
1635 3039 1724 3068 sen-
