2034 3458
248 471 255 478 -
307 440 463 486 Omnia
495 455 605 496 quae
638 442 858 498 hueusque
891 444 944 487 110
977 459 1053 488 usu
1088 447 1399 502 Xenophonteo
1440 450 1636 505 exempla
1676 455 1735 492 at-

51 486 75 504 ,-

43 511 84 577 {4st
163 509 254 568 tuli,
302 525 380 556 suo
411 512 502 556 iure
534 514 787 557 infinitivum
827 517 1058 572 postulant,
1107 519 1265 574 quippe
1306 533 1415 573 quae
1454 525 1528 562 aut
1567 521 1734 564 finalem

40 576 43 578 Ὗ
90 573 105 588 ”
162 583 271 647 vimv
296 583 529 628 exhibeant
573 590 648 628 aut
694 600 748 629 ex
791 588 1026 643 sententiis,
1075 603 1183 643 quae
1231 604 1314 632 non
1362 596 1459 633 sunt
1508 592 1572 634 sui
1619 593 1734 646 iuris,

163 654 382 713 pendeant
420 661 495 699 aut
534 671 602 700 res
641 659 895 714 exprimant,
944 674 1053 714 quae
1094 675 1176 703 non
1215 676 1364 705 revera
1409 669 1734 718 consequantur.

163 726 252 778 Sed
283 727 519 772 infinitivus
550 729 731 773 idoneus
763 745 931 786 quoque
964 737 1041 787 est,
1076 734 1146 787 qui
1171 735 1511 777 consecutionem
1545 735 1587 777 in
1620 736 1735 785 faeto

161 797 346 856 positam
378 800 603 856 exprimat.

305 870 545 915 Infinitivus
589 886 677 915 rem
723 874 925 930 exprimit
970 889 1080 929 quae
1120 889 1166 918 re
1206 890 1308 919 vera
1353 878 1624 932 consequitur
1668 879 1734 922 vel

162 946 395 987 consecuta
425 947 514 986 est:
1708 945 1711 947 ’

305 1015 349 1068 a)
381 1016 630 1070 pronomine
664 1017 731 1058 vel
763 1016 968 1060 adverbio
1002 1017 1337 1062 demonstrativo
1369 1021 1616 1075 praemisso,

309 1086 347 1128 1.
379 1099 519 1142 praes·
553 1086 629 1129 inf.
687 1089 730 1140 α)
764 1093 862 1144 post
893 1103 1033 1144 praes.
1068 1089 1154 1132 ind.
1189 1091 1247 1141 εἰς
1281 1092 1359 1142 τὴν
1392 1091 1586 1134 διάνοιαν
1618 1093 1735 1144 ἐμπί-

162 1167 348 1201 πτουσιν
387 1157 529 1210 οὕτως
569 1158 683 1201 ὥστε
721 1161 789 1202 καὶ
828 1161 905 1212 τὰς
946 1161 1182 1213 ἐπιστήμας
1222 1162 1442 1214 ἐκβάλλειν
1475 1163 1635 1206 00111111.
1670 1164 1733 1206 III

92 1289 109 1294 θ
147 1229 235 1294 12,
257 1229 301 1272 6.
364 1230 406 1283 β)
438 1233 536 1286 post
567 1231 734 1287 imperf.
767 1231 882 1274 οὕτω
906 1232 1136 1285 Σωκράτης
1170 1233 1222 1285 ἦν
1255 1233 1484 1286 ὠφέλιμος,
1517 1234 1630 1277 ὥστε
1652 1250 1734 1288 φα-

37 1337 40 1344 ,
161 1301 292 1354 νερὸν
323 1299 432 1344 εἶναι
464 1301 626 1345 00111111.
660 1303 720 1345 IV
756 1305 794 1358 1,
822 1305 840 1345 1
879 1303 1054 1359 [Comm.
1088 1305 1149 1347 IV
1180 1305 1221 1359 4,
1249 1306 1286 1347 1.
1321 1306 1420 1361 Cyr.
1445 1307 1550 1348 VIII
1583 1307 1622 1361 8,
1650 1307 1733 1362 12].

160 1373 204 1427 γ)
235 1377 335 1430 post
355 1387 445 1416 aor.
467 1373 556 1416 ind.
589 1375 803 1427 ἐξήγγειλε
835 1377 931 1427 περὶ
964 1376 1097 1418 αὐτοῦ
1130 1379 1306 1419 τοιαῦτα
1338 1379 1451 1420 ὥστε
1480 1379 1733 1430 πρέπουσαν

161 1445 394 1500 φαίνεσθαι
424 1447 503 1498 τὴν
535 1448 850 1499 μεγαληγορίαν
883 1448 1015 1490 αὐτοῦ
1048 1452 1097 1503 τῇ
1131 1449 1299 1503 διανοίᾳ
1331 1449 1456 1504 Apol.
1489 1449 1530 1491 2.
1570 1450 1732 1506 Gyneg.

164 1517 203 1568 1,
226 1517 296 1560 12.
360 1518 402 1571 δ)
436 1522 534 1574 post
564 1518 669 1574 perf.
702 1518 790 1560 ind.
825 1519 1170 1571 συνεληλύθασιν
1203 1520 1263 1572 ὡς
1297 1521 1370 1572 ἐμὲ
1400 1524 1608 1563 τοσαῦται
1626 1520 1730 1564 ὥστ’

163 1587 273 1632 εἶναι
305 1589 353 1632 ἐν
383 1594 434 1646 τῇ
468 1590 578 1645 οἰκίᾳ
610 1591 816 1642 τέτταρας
850 1592 917 1633 καὶ
950 1592 1051 1633 δέκα
1083 1591 1243 1634 00111111.
1277 1592 1321 1633 ΙΙ
1355 1593 1393 1646 7,
1417 1593 1458 1634 2.

305 1663 348 1704 2.
389 1675 478 1705 aor.
511 1662 586 1704 inf.
650 1664 694 1716 α)
726 1668 823 1719 post
855 1663 1020 1719 imperf.
1054 1663 1192 1715 ἀδεῶς
1226 1664 1505 1716 ἐστρατεύετο
1537 1666 1615 1716 τὴν
1646 1667 1733 1707 τῶν

161 1734 381 1786 πολεμίων
420 1733 536 1776 οὕτω
576 1735 874 1787 καρπούμενος
915 1736 1028 1777 ὥστε
1068 1735 1114 1778 ἐν
1155 1739 1277 1778 δυοῖν
1317 1736 1434 1778 ἐτοῖν
1473 1737 1606 1778 πλέον
1646 1739 1733 1779 τῶν

34 1787 45 1804 ⁹
120 1860 123 1863 Ι
161 1805 316 1860 ἑκατὸν
347 1805 573 1848 ταλάντων
605 1811 665 1862 τῷ
697 1810 782 1861 θεῷ
821 1807 867 1849 ἐν
899 1807 1095 1859 Δελφοῖς
1135 1807 1314 1859 δεκάτην
1353 1807 1570 1850 ἀποθῦσαι
1602 1808 1731 1863 Ages.

166 1878 206 1932 1,
227 1877 301 1920 34.
365 1878 406 1931 β)
443 1882 542 1934 post
572 1891 660 1920 aor.
699 1878 788 1920 ind.
828 1879 1034 1930 Τελαμὼν
1074 1881 1284 1930 τοσοῦτος
1325 1879 1495 1929 ἐγένετο
1536 1879 1648 1922 ὥστε
1688 1880 1733 1921 ἐκ

161 1949 335 2002 πόλεως
365 1953 443 2002 τῆς
476 1950 678 2002 μεγίστης
701 1951 754 2002 ἣν
776 1950 907 2002 αὐτὸς
930 1950 1133 2003 ἐβούλετο
1155 1953 1282 2002 γῆμαι
1303 1951 1537 2003 Περίβοιαν
1569 1950 1731 2006 Cyneg.

163 2021 202 2076 1,
225 2021 266 2064 9.
301 2022 340 2076 1,
366 2021 436 2064 14.

304 2093 349 2147 b)
381 2095 630 2150 pronomine
662 2095 729 2136 vel
762 2093 966 2136 adverbio
1000 2093 1332 2136 demonstrativo
1364 2108 1447 2135 11011
1484 2094 1729 2149 praemisso,

307 2166 346 2208 1.
378 2179 518 2222 praes.
551 2165 625 2208 inf.
674 2167 718 2218 α)
752 2170 847 2222 post
871 2179 1008 2221 praes.
1032 2165 1119 2207 ind.
1153 2166 1193 2207 οἱ
1225 2167 1345 2207 καλοὶ
1378 2167 1445 2207 καὶ
1477 2167 1578 2216 τοὺς
1612 2165 1730 2220 ἄπω-

162 2241 238 2281 θεν
268 2238 514 2291 θεωμένους
537 2237 815 2291 ὑφάπτουσιν
838 2237 951 2279 ὥστε
974 2237 1167 2279 αἴθεσθαι
1190 2242 1249 2292 τῷ
1273 2237 1397 2288 ἔρωτι
1430 2237 1528 2292 Cyr.
1549 2237 1584 2278 V
1608 2239 1643 2289 1,
1664 2238 1730 2278 16.

161 2309 215 2353 R.
237 2322 334 2365 equ.
357 2310 400 2364 6,
418 2310 460 2352 9.
487 2310 555 2364 11,
573 2310 615 2352 3.
648 2310 730 2365 Rp.
755 2309 859 2351 Lao.
882 2310 923 2361 5,
943 2309 983 2350 6.
1011 2310 1078 2362 12,
1097 2309 1138 2350 5.
1173 2308 1335 2364 Cynog.
1363 2309 1430 2362 13,
1453 2309 1519 2351 17.
1573 2311 1612 2360 β)
1636 2313 1732 2364 post

161 2380 328 2438 imperf.
361 2381 609 2434 ἐξεκυβίστα
641 2381 753 2433 ἔχων
783 2382 860 2432 τὰς
882 2381 1053 2431 πέλτας,
1086 2380 1198 2422 ὥστε
1222 2379 1324 2431 ὄψιν
1347 2381 1480 2431 καλὴν
1502 2381 1732 2431 φαίνεσθαι

162 2451 302 2496 Anah.
327 2452 386 2495 VI
413 2454 451 2508 1,
475 2453 516 2495 9.
551 2452 651 2509 Cyr.
677 2453 695 2494 Ι
718 2453 759 2507 4,
782 2453 824 2495 4.
858 2453 899 2506 6,
923 2452 994 2493 40.
1030 2452 1069 2493 ΙΙ
1093 2452 1134 2505 3,
1163 2452 1228 2493 14.
1264 2452 1299 2492 V
1322 2452 1363 2505 5,
1386 2452 1457 2493 40.
1491 2452 1571 2493 VII
1601 2453 1636 2502 1,
1660 2451 1731 2493 24.

57 2574 69 2581 ,
115 2582 117 2587 A
161 2524 302 2568 Anab.
324 2525 346 2567 Ι
367 2525 409 2580 9,
435 2525 504 2567 15.
537 2525 580 2567 ΙΙ
603 2525 644 2579 3,
672 2527 739 2567 11.
774 2525 839 2566 ΙΙΙ
861 2524 903 2577 4,
927 2524 997 2565 22.
1034 2523 1114 2564 VII
1138 2524 1178 2577 8,
1202 2524 1270 2564 23.
1339 2526 1381 2573 γ)
1416 2528 1509 2578 post
1532 2537 1619 2564 aor.
1644 2521 1730 2564 11111.

162 2595 338 2640 κάκεῖνα
385 2597 461 2649 μὲν
509 2598 560 2648 δὴ
609 2596 800 2649 ἐπράχθη
850 2598 962 2638 ὥστε
1011 2605 1062 2637 σε
1108 2595 1299 2636 ἐπαινεῖν
1346 2594 1444 2650 Cyr.
1481 2595 1559 2635 VII
1593 2595 1728 2647 5,-19.

160 2668 223 2712 IV
243 2668 286 2723 5,
311 2669 350 2711 7.
399 2669 511 2711 Hell.
540 2669 560 2710 I
588 2669 630 2723 5,
656 2669 695 2711 7.
736 2669 795 2709 IV
817 2667 860 2722 4,
888 2668 954 2709 19.
1004 2667 1085 2722 Rp.
1118 2666 1222 2708 Lae.
1254 2667 1294 2719 2,
1319 2667 1359 2707 2.
1423 2667 1464 2718 δ)
1498 2673 1592 2721 post
1625 2665 1730 2720 perf.

159 2739 248 2784 ind.
282 2741 352 2783 διὰ
383 2741 433 2783 τὸ
465 2740 576 2792 ἡμᾶς
609 2743 839 2793 φοβεῖσθαι
871 2738 1251 2790 ἀνακεκομισμένοι
1291 2738 1398 2779 εἰσὶν
1437 2738 1496 2788 εἰς
1535 2737 1731 2788 ἐρύματα,

152 2803 276 2856 ’ὥστε
307 2812 431 2855 αὐτοὶ
463 2813 540 2864 μὲν
577 2812 701 2864 ἔχειν,
747 2812 858 2863 ἡμᾶς
900 2812 946 2852 δὲ
986 2812 1120 2852 ταῦτα
1160 2811 1212 2860 μὴ
1253 2809 1462 2851 δύνασθαι
1504 2808 1731 2860 λαμβάνειν

161 2883 261 2940 Oyr.
284 2883 345 2926 VI
371 2885 408 2939 1,
435 2884 503 2926 14.
566 2886 603 2936 ε)
635 2887 732 2939 post
763 2883 900 2939 plusq.
934 2882 986 2923 τὰ
1018 2882 1235 2932 ἐπιτήδεια
1266 2881 1313 2922 ἐν
1335 2880 1505 2931 τούτοις
1529 2879 1729 2921 ἀνακεκο-

161 2956 356 3008 μισμένοι
394 2955 518 3008 ἦσαν.
566 2955 678 2998 ὥστε
718 2956 849 3007 μηδὲν
890 2954 1119 3006 λαμβάνειν
1158 2953 1340 2994 αὐτόθεν
1380 2953 1482 3002 τοὺς
1515 2950 1730 3001 Ἕλληνας

105 3040 108 3044 ’
160 3027 300 3075 Anah.
331 3027 391 3072 IV
423 3028 557 3085 7,17.
632 3029 670 3082 ζ)
718 3030 814 3086 post
845 3026 922 3071 fut.
956 3024 1041 3071 ind.
1084 3027 1320 3079 παρακαλεῖ
1359 3024 1525 3077 πολλὴν
1565 3022 1728 3077 φλόγα’
