2034 3458
853 293 1092 331 „41-

178 423 263 469 quo
299 410 343 456 in
375 412 489 456 ὥστε
533 413 771 470 particulae
819 429 895 459 usu
928 417 1246 474 Xenophonteo
1287 417 1529 474 tractando,
1574 418 1754 475 primum

176 483 356 528 afferam
389 498 442 528 ea
473 487 685 542 exempla,
719 487 761 529 in
795 489 948 542 quibus
981 489 1042 541 ὡς
1091 504 1185 532 eum
1235 490 1444 532 infinitivo
1485 491 1754 534 conilu‘nctum

175 556 390 601 invenitur
421 562 518 613 post
551 559 797 614 sententias,
833 573 942 614 quae
974 575 1058 602 non
1090 566 1187 603 sunt
1219 561 1284 604 sui
1317 562 1436 604 iuris:

321 629 365 682 a)
397 629 609 684 sententia
656 630 918 673 antecedens
959 636 1022 674 est
1056 632 1384 676 condicionalis:
1434 635 1502 675 καὶ
1534 634 1682 685 αἰδοῦς
1716 632 1753 676 δ’

176 698 232 743 ἂν·
276 699 424 752 ἡγεῖτο
471 703 636 752 μᾶλλον
679 702 845 754 πάντας
885 703 1184 755 ἐμπιμπλάναι,
1227 705 1262 746 εἰ
1300 705 1431 756 αὐτὸς
1465 707 1656 758 φανερὸς
1691 706 1753 757 εἴη

175 767 346 823 ’πάντας
377 771 520 824 οὕτως
554 773 810 825 αἰδούμενος
844 775 906 826 ὡς
930 773 1022 827 μήτ’
1057 776 1190 817 εἰπεῖν
1226 776 1278 818 ἂν
1302 777 1402 827 μήτε
1425 780 1602 828 ποιῆσαι
1625 779 1755 829 μηδὲν

177 842 360 895 αἰσχρόν
393 843 492 899 Oyr.
517 844 625 886 VIII
651 846 688 899 1,
712 846 784 887 27.
828 846 959 902 Hipp.
993 848 1034 900 6,
1062 848 1100 888 1.
1149 848 1270 889 Vect.
1304 848 1344 901 3,
1368 849 1409 889 3.
1451 848 1486 890 εἰ
1518 849 1593 900 μὲν
1626 851 1756 891 πλοῖα

175 913 354 957 ἔσεσθαι
387 915 529 967 μέλλει
560 916 685 958 ἱκανὰ
718 917 778 968 ὡς
811 916 974 973 ἀριθμῷ
1014 918 1090 960 ἕνα
1131 920 1184 970 μὴ
1225 920 1553 961 καταλείπεσθαι
1593 920 1756 970 ἐνθάδε,

176 986 298 1039 ἡμεῖς
331 986 384 1029 ἂν
415 988 620 1039 πλέοιμεν
668 988 808 1030 Anab.
844 989 879 1030 V
913 990 953 1044 6,
981 991 1048 1032 12.
1107 990 1237 1046 Hipp.
1271 991 1311 1045 6,
1339 992 1376 1032 1.
1439 991 1491 1042 ἤν
1523 1006 1587 1043 τις
1619 993 1755 1047 τρέφῃ

176 1057 238 1110 ὡς
270 1058 436 1110 πόνους
471 1058 682 1101 δύνασθαι
715 1060 952 1112 ὑποφέρειν
985 1061 1036 1103 R.
1071 1075 1166 1115 equ.
1204 1063 1271 1115 11,
1299 1063 1366 1103 13.

330 1129 376 1183 b)
409 1131 623 1173 sententia
655 1131 916 1174 antecedens
947 1132 1106 1188 pendet
1171 1134 1208 1175 1.
1250 1133 1291 1174 in
1324 1133 1530 1176 infinitivo
1562 1135 1702 1190 posita
1733 1150 1758 1177 a

178 1200 322 1244 verbis
369 1200 618 1244 declarandi
667 1207 710 1244 et
757 1203 1051 1246 existimandi:
1100 1205 1153 1246 τὰ
1193 1205 1323 1246 πιστὰ
1372 1206 1550 1247 δίδωσιν
1597 1206 1756 1258 αὐτοῖς,

177 1272 257 1316 ἐὰν
288 1272 605 1325 ἐμπεδώσωσιν
637 1274 664 1316 ἃ
698 1275 910 1325 λέγουσιν,
943 1275 1002 1326 ὡς
1036 1277 1179 1328 φίλοις
1213 1277 1280 1318 καὶ
1319 1280 1489 1328 πιστοῖς
1522 1278 1756 1329 χρήσεσθαι

177 1344 344 1396 αὐτοῖς,
377 1345 438 1396 ὡς
472 1346 575 1397 μήτε
605 1346 794 1398 Περσῶν
835 1348 937 1398 μήτε
971 1348 1134 1399 Μήδων
1179 1351 1298 1399 μεῖον
1331 1348 1442 1399 ἔχειν
1474 1347 1573 1401 παρ’
1607 1350 1756 1405 ἑαυτῷ.

184 1415 286 1472 Gyr.
318 1416 380 1459 IV
412 1417 455 1471 2,
479 1417 520 1459 8.
583 1418 635 1459 τὰ
669 1419 715 1459 δὲ
748 1418 916 1470 κείμενα
948 1419 1007 1470 ὡς
1041 1420 1094 1470 μὴ
1136 1419 1262 1474 ῥᾴδια
1294 1418 1400 1461 εἶναι
1434 1420 1538 1462 ἰδεῖν
1571 1424 1756 1472 διηγεῖτο

177 1486 442 1543 (thesauros,
501 1502 606 1543 quos
660 1503 743 1531 non
798 1489 925 1532 facile
974 1495 1085 1533 esset
1132 1491 1410 1546 perlustrare,
1464 1493 1754 1546 enumerabat)

177 1559 279 1616 Gyr.
312 1559 423 1602 VIII
453 1560 494 1615 4,
518 1561 590 1603 35.
653 1562 706 1613 ἢν
740 1563 786 1604 δὲ
819 1562 1064 1613 ἐξαπατᾶτε,
1113 1562 1227 1604 οὕτω
1260 1563 1485 1614 νομίζομεν
1518 1564 1643 1619 ἔχειν,
1692 1565 1752 1616 ὡς

177 1631 259 1684 οὐχ
288 1631 400 1684 ἡμᾶς
433 1630 503 1685 ἐφ’
538 1633 637 1684 ὑμῖν
669 1632 857 1683 ἔσεσθαι,
905 1633 1015 1676 ἀλλὰ
1063 1636 1227 1686 μᾶλλον
1259 1634 1368 1686 ὑμᾶς
1402 1633 1471 1687 ἐφ’
1507 1635 1606 1687 ἡμῖν
1638 1637 1752 1686 γενέ-

177 1707 278 1747 σθαι
310 1703 410 1760 Oyr.
443 1704 507 1747 IV
538 1705 580 1759 2,
606 1705 660 1747 13
695 1705 809 1758 (bis).
850 1706 956 1747 VIII
988 1706 1028 1760 ἵ),
1057 1708 1094 1748 1.
1158 1707 1199 1748 2.
1241 1706 1296 1748 ab
1330 1706 1393 1748 ὅτι
1435 1706 1750 1750 coniunctione:

175 1774 355 1828 Πέρσας
403 1775 570 1828 πάντας
610 1779 893 1828 παρακαλεῖτε
935 1778 1348 1829 συνησθησομένους
1388 1778 1479 1829 ἐμοὶ
1519 1778 1583 1820 ὅτι
1615 1779 1661 1820 ἐν
1693 1783 1752 1834 τῷ

104 1898 107 1902 ¹
176 1847 368 1900 ἀσφαλεῖ
398 1848 479 1900 ἤδη
513 1847 677 1900 ἔσομαι,
709 1849 770 1900 ὡς
804 1850 935 1900 μηδὲν
969 1849 1021 1891 ἂν
1054 1849 1113 1891 ἔτι
1146 1850 1278 1891 κακὸν
1310 1853 1463 1891 παθεῖν
1511 1850 1610 1905 Cyr.
1649 1851 1751 1892 VIII

181 1918 222 1973 7,
244 1919 316 1963 27.
352 1920 410 1973 (v.
435 1933 477 1975 p.
501 1919 557 1962 58
582 1922 664 1974 sq.)
698 1920 827 1975 Ages.
861 1922 902 1974 2,
929 1922 967 1963 7.

321 1992 362 2044 c)
394 1991 606 2034 sententia
627 1992 887 2035 antecedens
909 1997 973 2035 est
996 1993 1303 2047 interrogativa
1332 1992 1521 2048 pendens
1545 2007 1596 2035 ex
1621 1993 1751 2035 verbo

176 2062 492 2118 interrogandi:
526 2062 646 2115 ὅπως
671 2064 860 2115 ἐπιμελεῖ
882 2067 958 2106 τοῦ
982 2065 1236 2116 περιουσίαν
1260 2068 1399 2106 ποιεῖν
1423 2065 1483 2115 ὡς
1507 2066 1574 2106 καὶ
1597 2066 1753 2116 φίλους

174 2134 426 2187 ἐπωφελεῖν
457 2136 525 2177 καὶ
557 2135 685 2177 πόλιν
719 2136 950 2187 ἐπισχύειν,
983 2138 1117 2178 ταῦτα
1150 2136 1202 2177 ἂν
1234 2137 1372 2187 ἡδέως
1397 2137 1609 2187 πυθοίμην
1651 2137 1753 2178 Oce.

181 2206 250 2261 11,
276 2206 346 2249 13.
388 2206 430 2261 6,
457 2208 525 2249 11.
569 2207 642 2259 (cf.
675 2221 717 2262 p.
751 2208 841 2260 30.)

321 2277 467 2320 Etiam
504 2283 602 2334 post
640 2278 748 2321 haec
781 2278 1116 2321 enuntiationum
1159 2293 1332 2334 genera,
1382 2293 1491 2333 quae
1538 2280 1631 2334 ipsa
1680 2292 1754 2334 pel·

177 2361 224 2392 se
256 2354 468 2405 constant,
501 2350 734 2393 infinitivus
766 2355 948 2406 ponatur
980 2364 1154 2393 necesse
1187 2356 1271 2393 est:

322 2423 364 2475 a)
397 2422 611 2464 sententia
658 2421 917 2464 antecedens
957 2427 1020 2464 est
1060 2422 1285 2476 negativa:
1336 2422 1538 2473 οὐδεμίαν
1578 2422 1752 2463 πώποτε

176 2491 335 2545 ἀγέλην
367 2494 588 2549 ᾐσθήμεθα
620 2496 848 2536 συστᾶσαν
880 2494 949 2535 ἐπὶ
981 2494 1058 2535 τὸν
1087 2494 1219 2545 νομέα
1250 2493 1348 2535 οὔτε
1371 2494 1430 2544 ὡς
1455 2494 1507 2544 μὴ
1532 2494 1751 2534 πείθεσθαι

177 2563 277 2608 οὔτε
308 2565 369 2616 ὡς
403 2566 456 2618 μὴ
489 2566 731 2625 ἐπιτρέπειν
763 2569 822 2621 τῷ
856 2569 1006 2620 καρπῷ
1039 2568 1221 2616 χρῆσθαι
1266 2564 1409 2620 Cy1·.1
1436 2566 1472 2617 1,
1497 2566 1537 2606 2.
1581 2564 1632 2606 R.
1657 2578 1751 2618 equ.

181 2636 250 2691 10,
277 2637 345 2679 12.
388 2642 463 2680 aut
495 2638 668 2680 verbum
703 2637 905 2692 negativo
939 2650 1064 2678 sensu
1097 2635 1337 2692 praeditum
1372 2637 1577 2678 continet:
1621 2636 1750 2686 ἴωμεν

177 2708 247 2750 ἐπὶ
278 2709 380 2760 τοὺς
413 2710 743 2760 πολεμίους...
804 2708 974 2759 ἰδιώτας
1016 2707 1146 2759 ὄντας
1188 2708 1247 2758 ὡς
1296 2709 1404 2759 πρὸς
1453 2708 1561 2758 ἡμᾶς
1602 2701 1752 2757 ἀγωνί-

178 2783 326 2824 ζεσθαι
360 2780 460 2836 Gyr.
494 2781 515 2822 I
547 2781 588 2835 ἶ),
616 2781 683 2822 11.
728 2781 787 2822 VI
820 2780 862 2834 4,
890 2780 958 2821 16.

324 2851 369 2906 b)
403 2852 719 2908 comparativus
753 2865 846 2894 cum
879 2850 1177 2902 r‘ieoniunetus
1199 2850 1431 2893 antecedit:
1467 2851 1543 2901 τὰς
1566 2849 1752 2900 ἀσπίδας

181 2923 350 2975 μείζους
389 2923 565 2976 ἔχουσιν
604 2925 629 2975 ἢ
671 2924 730 2975 ὡς
772 2926 911 2965 ποιεῖν
943 2937 981 2964 τι
1014 2924 1080 2964 καὶ
1113 2922 1220 2974 ὁρᾶν
1254 2922 1351 2977 Oyr.
1386 2922 1445 2963 VI
1479 2922 1519 2975 4,
1547 2922 1612 2963 17.
1675 2922 1752 2971 τὴν

181 2994 337 3047 ἀγυιὰν
369 2996 640 3047 στενωτέραν
672 2996 696 3046 ἢ
731 2996 790 3046 ὡς
824 2995 890 3036 ἐπὶ
934 2994 1131 3046 μετώπου
1171 2993 1335 3043 πάντας
1368 2994 1516 3034 διιέναι
1577 2993 1675 3047 Cyr.
1709 2992 1752 3033 II
