2034 3458
314 792 444 850 Apud
476 793 707 835 Homerum
753 792 866 835 ὥστε
911 792 1147 847 particulae
1192 791 1277 834 vim
1324 791 1658 846 comparativam
1705 794 1747 831 ct

172 865 387 910 causalem
433 865 574 908 inesse
621 864 726 907 satis
774 868 954 907 constat.
1034 863 1261 919 (Exempla
1309 863 1482 917 collegit
1527 861 1747 904 Fellmann

170 952 215 996 p·
246 937 276 980 5
307 938 419 992 sqq)

315 1009 494 1052 Duobus
526 1012 689 1051 tantum
723 1008 829 1050 locis
860 1007 972 1050 ὥστε
1014 1007 1226 1063 particula
1267 1020 1361 1048 cum
1402 1005 1610 1048 infinitivo
1652 1018 1747 1047 con-

172 1081 319 1127 iuncta
349 1085 434 1124 est:

233 1151 315 1199 Od.
348 1153 417 1207 17,
440 1153 499 1195 20
561 1152 612 1194 οὐ
645 1152 727 1203 γὰρ
760 1152 827 1193 ἐπὶ
860 1154 1090 1203 σταθμοῖσι
1123 1151 1262 1202 μένειν
1295 1150 1354 1191 ἔτι
1387 1149 1559 1200 τηλίκος
1593 1148 1673 1199 εἰμί

563 1222 667 1266 ὥστ’
702 1224 1006 1279 ἐπιτειλαμένῳ
1041 1222 1277 1275 σημάντορι
1310 1221 1451 1263 πάντα
1483 1221 1682 1263 πιθέσθαι

292 1290 345 1341 Il.
378 1297 420 1352 9,
443 1297 501 1339 42
564 1297 599 1339 εἰ
632 1297 679 1338 δὲ
711 1297 782 1338 σοὶ
817 1296 932 1351 αὐτῷ
965 1296 1098 1346 θυμὸς
1138 1295 1373 1336 ἐπέσσυται
1413 1292 1526 1335 ὥστε
1567 1293 1749 1341 νέεσθαι,

566 1368 701 1420 ἔρχεο.

173 1441 256 1487 His
293 1441 401 1484 locis
441 1439 743 1483 consecutivae
785 1439 1112 1482 constructionis
1152 1438 1317 1480 initium
1358 1451 1450 1480 esse
1492 1435 1749 1479 censendum

173 1513 343 1571 putavit
373 1513 551 1556 Classen
585 1512 743 1565 (annal.
778 1511 879 1567 phil.
917 1511 1031 1553 1859
1064 1525 1105 1566 p.
1139 1510 1243 1562 303)
1276 1513 1404 1563 atque
1443 1508 1622 1551 eandem
1660 1521 1749 1549 sen—

174 1585 353 1630 tentiam
386 1589 535 1628 contra
566 1583 804 1637 Lehrsiunl,
852 1582 923 1637 qui
957 1582 1028 1635 (dc
1061 1581 1297 1624 Aristarchi
1331 1580 1442 1623 stud.
1475 1581 1647 1622 Homer.
1681 1578 1748 1621 ed.

166 1657 217 1704 ,2.
248 1657 415 1714 p.157)
446 1656 596 1699 horum
629 1656 818 1698 locorum
850 1655 1030 1697 alterum
1063 1653 1203 1706 eiecit,
1237 1653 1416 1695 alt-erum
1448 1651 1644 1705 mutavit,
1678 1650 1748 1693 (le-

175 1727 314 1774 rendit
344 1728 501 1772 Seume
531 1742 574 1784 p.
600 1728 669 1770 13.

318 1799 425 1844 Mihi
466 1798 638 1855 quidem
678 1799 884 1855 probatur
917 1811 968 1840 ca
1000 1796 1271 1852 significatio,
1321 1809 1447 1849 quam
1488 1796 1643 1837 Scume
1684 1793 1749 1836 his

176 1873 283 1919 loeis
320 1872 558 1930 particulae
599 1871 713 1914 ὥστε
754 1870 891 1913 inesse
933 1870 1022 1912 vult
1063 1870 1126 1911 ‘ut
1164 1869 1265 1923 fere,
1314 1872 1358 1910 ut
1392 1867 1576 1922 quodam
1608 1865 1748 1918 modo,

176 1945 260 1988 wie
290 1943 435 1999 etwa’,
483 1957 594 1998 quae
627 1942 777 1985 codem
810 1948 874 1984 est
906 1948 1035 1996 atque
1074 1941 1116 1983 in
1155 1939 1564 1995 comparationibus3
1612 1951 1750 1992 neque

177 2021 321 2061 tamen
359 2013 539 2070 utroque
579 2015 672 2058 loco
714 2028 883 2057 sensum
923 2012 1119 2055 infinitivi
1160 2026 1253 2054 esse
1294 2011 1610 2054 consecutivum
1656 2024 1750 2051 con-

177 2087 366 2132 tendam.
428 2088 653 2130 Diversam
696 2100 788 2129 esse
830 2085 1123 2128 condicionem
1157 2085 1374 2137 utriusque
1407 2083 1489 2124 loci
1523 2081 1676 2124 Scume
1710 2087 1750 2122 ct

177 2161 271 2218 ipse
303 2160 527 2214 concessit,
567 2173 662 2202 cum
696 2158 805 2200 dixit
839 2160 898 2214 (p.
936 2158 1006 2210 12)
1040 2157 1082 2198 in
1116 2156 1164 2198 ll.
1198 2156 1239 2197 9.
1263 2157 1319 2196 42
1353 2154 1465 2196 ὥστε
1498 2153 1750 2209 particulam

178 2231 317 2276 omitti
347 2231 552 2288 potuisse,
587 2230 699 2286 quod
734 2231 775 2273 in
810 2229 1067 2283 o‹l.117,2o
1099 2228 1188 2270 fieri
1212 2242 1295 2269 non
1317 2233 1474 2282 posset.
1539 2225 1751 2267 Infinitivo

179 2305 378 2348 πιθέσθαι
425 2317 593 2346 sensum
643 2302 960 2345 consecutivum
1010 2300 1147 2342 inesse
1195 2304 1394 2354 apparet3
1445 2297 1498 2339 cle
1546 2297 1752 2338 infinitivo

179 2377 354 2421 νέεσθαι
385 2381 527 2418 autem
551 2375 606 2417 ab
629 2375 863 2417 ἐπέσσυται
886 2372 1099 2429 pendente
1122 2371 1203 2413 hoc
1227 2368 1649 2412 a11i111a‹lvc1·tcu‹lum
1674 2374 1751 2409 cst.

323 2449 564 2500 ἑπέσσυμαι
587 2446 799 2502 significat
828 2444 1027 2498 ‘incitari,
1061 2442 1308 2500 properare'
1333 2447 1461 2495 atque
1484 2439 1755 2493 coniungitur

181 2533 277 2564 cum
309 2533 412 2563 casu
443 2520 644 2573 locatim,
679 2532 760 2572 quo
794 2518 887 2560 {inis
918 2515 1176 2572 properandi
1210 2516 1471 2570 exprimatur
1504 2526 1570 2554 ex.
1595 2527 1630 2553 c.
1655 2511 1754 2561 ἀγο-

181 2593 311 2646 ρήνδε
343 2592 393 2635 Il.
416 2592 577 2646 2208.
612 2591 742 2643 νῆάδε
776 2590 856 2631 ()‹l.
886 2590 1042 2642 13,19.
1076 2588 1261 2639 νομόνδε
1294 2587 1343 2628 ΙΙ.
1371 2586 1438 2639 18,
1457 2586 1557 2627 575.
1592 2583 1754 2625 Eodem

180 2663 309 2708 modo
330 2663 566 2716 infinitivis,
601 2663 671 2717 qui
694 2661 965 2704 inveniuntur
994 2661 1043 2702 Il.
1068 2660 1139 2705 21,
1158 2660 1241 2701 601
1278 2658 1302 2700 ὁ
1329 2655 1366 2700 δ’
1386 2658 1602 2699 ἐπέσσυτο
1620 2657 1755 2697 ποσσὶ

182 2736 352 2780 διώκειν
384 2741 427 2778 et
458 2736 508 2778 Il.
531 2736 573 2789 9,
596 2735 683 2777 398
717 2735 935 2776 ἐπέσσυτο
968 2733 1101 2784 θυμὸς
1127 2732 1300 2782 ἀγήνωρ
1323 2730 1504 2781 κτήμασι
1527 2729 1756 2780 τέρπεσθαι

182 2807 307 2851 finem
339 2807 522 2851 actionis
554 2807 734 2863 exprimi
769 2805 895 2848 docet
929 2805 977 2846 Il.
1011 2804 1052 2859 6,
1076 2804 1159 2846 361

326 2879 408 2932 ἤδη
441 2879 522 2932 γάρ
556 2893 626 2931 μοι
659 2879 794 2930 θυμὸς
827 2878 1061 2919 ἐπέσσυται
1094 2872 1195 2927 ὄφρ’
1231 2873 1433 2925 ἐπαμύνω

326 2950 537 3004 Τρώεσσ’,
578 2952 619 2993 οἳ
651 2949 740 3003 μέγ’
775 2936 891 3002 ἐμεῖο
924 2937 1063 3000 ποθὴν
1096 2947 1310 2997 ἀπεόντος
1343 2945 1529 2997 ἔχουσιν,
1577 2943 1647 2985 ubi
1681 2956 1757 2998 pro

183 3024 392 3067 infinitivo
425 3023 636 3065 sententia
669 3022 806 3064 finalis
839 3026 993 3063 exstat.
1058 3018 1342 3069 Quamobrem
1377 3016 1436 3057 illi
1470 3028 1636 3069 quoquc
1669 3013 1757 3055 inti-
