2034 3458
821 307 1029 342 -51-

145 428 351 481 Ἀθηναῖε,
397 428 423 480 ἡ
456 426 493 470 δ”
527 428 706 479 ἡμετέρη
741 428 988 479 εὐδαιμονίη
1028 426 1142 469 οὕτω
1183 441 1248 468 τοι
1289 426 1544 478 ἀπέρριπται
1584 427 1628 478 ἐς
1670 427 1718 468 τὸ

144 501 287 554 μηδὲν,
319 499 432 542 ὥστε
464 500 566 542 οὐδὲ
600 500 804 541 ἰδιωτέων
837 500 1009 550 ἀνδρῶν
1032 499 1177 549 ἀξίους
1200 498 1331 549 ἡμέας
1355 499 1582 549 ἐποίησας;
1616 499 1717 540 Her.

145 572 259 616 132.
321 574 536 614 σκοποῦσι
570 569 609 613 δ’
645 572 763 623 ὑμῶν
797 570 937 622 οὕτως
971 571 1011 612 οἱ
1044 571 1226 622 ὑπήκοοι
1249 571 1299 612 τὸ
1323 570 1447 620 εἰκός,
1481 569 1594 612 ὥστε
1617 570 1719 621 τούς

143 657 190 687 τε
221 645 276 696 μὴ
308 644 611 696 προσήκοντας
650 643 717 685 καὶ
757 642 856 684 ὅσοι
897 641 1067 684 ἄποικοι
1108 641 1232 692 ὄντες
1274 642 1545 693 κεχείρωνται
1585 641 1629 692 ἐς
1670 642 1719 683 τὸ

143 715 250 759 αὐτὸ
281 715 490 765 τιθέασιν;
538 714 675 757 Thue.
709 714 747 756 V
779 714 850 756 96.
929 714 1144 765 Αἰσχύλον
1177 714 1223 755 δὲ
1255 714 1332 755 τὸν
1365 713 1576 754 Φλιάσιον
1609 714 1718 764 πρὸς

143 787 218 840 ἐμὲ
248 787 438 830 ἐπαινῶν
471 788 538 829 καὶ
571 787 643 838 ἐμὲ
675 788 784 838 πρὸς
819 787 984 828 ἐκεῖνον
1018 786 1097 837 οὐχ
1130 784 1244 827 οὕτω
1279 785 1475 836 διέθηκας
1509 784 1622 826 ὥστε
1652 785 1720 826 διὰ

144 859 249 911 τοὺς
281 859 390 910 σοὺς
425 858 582 910 λόγους
616 859 800 910 ἐρῶντες
834 859 1206 909 ἐκυνοδρομοῦμεν
1234 857 1451 908 ἀλλήλους
1473 859 1721 907 Ζητοῦντες;

146 931 256 974 Xen.
279 930 413 974 Conv.
435 931 477 984 4,
496 931 568 973 63.
631 928 740 982 Ἀρά
762 944 810 980 γε
833 930 902 971 διὰ
925 929 1127 980 τοιαύτας
1150 929 1270 980 τινὰς
1303 929 1512 980 προνοίας
1546 929 1612 970 καὶ
1645 931 1720 979 τῆς

146 1003 195 1046 ἐν
225 1007 287 1060 τῷ
318 1003 469 1055 σμήνει
501 1003 712 1054 ἡγεμόνος
746 1003 788 1044 αἱ
821 1002 1006 1054 μέλιτται
1045 1000 1159 1043 οὕτω
1200 1001 1455 1043 διατίθενται
1495 1001 1605 1052 πρὸς
1646 1001 1721 1042 αὐ-

145 1075 383 1128 τήν,,ὥστε
415 1074 520 1117 ὅταν
553 1075 690 1126 ἐκείνη
725 1075 885 1129 ἐκλίπῃ,
918 1073 1095 1125 οὐδεμία
1124 1073 1256 1115 οἴεται
1278 1075 1366 1114 τῶν
1389 1074 1594 1124 μελιττῶν
1616 1071 1721 1114 ἀπο-

146 1147 342 1191 λειπτέον
374 1146 494 1197 εἶναι,
527 1144 621 1189 ἀλλ’
656 1146 832 1188 ἕπονται
865 1147 1018 1195 πᾶσαι;
1051 1145 1162 1187 Xen.
1197 1144 1299 1187 Oee.
1335 1145 1374 1198 7,
1398 1144 1470 1186 38.

289 1233 331 1275 2.
370 1236 468 1288 post
500 1244 552 1273 ea
584 1230 921 1273 enuntiationum
954 1243 1127 1284 genera,
1161 1242 1271 1283 quae
1294 1228 1536 1283 exprimunt
1558 1226 1719 1281 aliquid

144 1305 207 1348 ita
236 1303 328 1347 fieri
360 1307 435 1346 aut
466 1307 662 1358 oportere
695 1306 768 1344 aut
800 1315 940 1357 posse,
973 1306 1019 1343 ut
1051 1300 1137 1343 alia
1169 1314 1236 1342 res
1269 1300 1472 1353 consequi
1504 1299 1658 1355 possit:

288 1389 332 1440 α)
379 1390 454 1429 aut
492 1385 746 1442 imperativo
787 1385 866 1427 vel'
896 1385 1036 1427 verbis
1076 1387 1150 1434 δεῖ,
1191 1385 1270 1436 χρή
1310 1385 1402 1426 sim.
1437 1383 1479 1425 αἱ
1511 1383 1719 1434 πτέρυγες

144 1462 338 1503 τοιαῦται
377 1454 454 1502 καί
485 1461 692 1501 τοσαῦται
732 1458 933 1499 ἔστωσαν
971 1456 1084 1498 ὥστε
1117 1457 1284 1506 στέγειν
1315 1456 1368 1498 τὰ
1401 1455 1503 1507 μέλη
1538 1455 1589 1496 R.
1624 1468 1720 1508 equ.

149 1532 217 1587 12,
249 1531 292 1574 4.

292 1617 332 1669 β)
380 1619 453 1658 aut
486 1614 630 1657 verbis
662 1614 810 1664 ἔξεστι,
852 1613 1062 1655 δύνασθαι
1094 1613 1186 1654 sim.
1220 1612 1409 1663 περίεστί
1443 1625 1512 1662 μοι
1545 1610 1722 1663 ἀμφιέν-

147 1691 303 1731 νυσθαι
343 1687 457 1730 ὥστε
498 1688 630 1738 μηδὲν
671 1688 834 1738 μᾶλλον
869 1686 1050 1727 Καλλίου
1094 1685 1225 1736 ῥιγῶν
1265 1684 1376 1725 Xen.
1411 1683 1542 1725 Conv.
1576 1683 1618 1735 4,
1651 1683 1723 1724 37.

147 1761 215 1803 καὶ
237 1761 277 1803 οἱ
299 1762 463 1811 παῖδες,
496 1758 602 1801 ὅταν
635 1759 818 1801 παίζωσι
842 1758 1039 1815 ποσίνδα,
1073 1756 1276 1798 δύνανται
1299 1754 1469 1797 ἀπατᾶν
1492 1755 1723 1806 προΐσχον-

146 1846 216 1884 τες
259 1831 373 1874 ὥστε
417 1831 592 1882 ὀλίγους
636 1830 810 1882 ἔχοντες
854 1830 1046 1880 πολλοὺς
1090 1831 1233 1870 δοκεῖν
1276 1827 1398 1879 ἔχειν.
1446 1827 1556 1868 Xen.
1591 1826 1721 1882 Hipp.

145 1903 188 1959 5,
224 1904 294 1946 10.

290 1988 332 2031 3.
365 1993 462 2044 post
484 1987 616 2031 verba
643 1987 959 2043 impersonalia⁷
994 1999 1102 2040 quae
1137 1985 1213 2037 Ἱίῒ,
1248 1983 1426 2026 accidit’
1459 1982 1722 2038 exprimunt:

147 2061 376 2112 συνήνεικε
410 2059 523 2102 ὥστε
555 2062 643 2101 τῶν
676 2059 935 2111 συμποτέων
968 2059 1007 2100 οἱ
1040 2057 1178 2109 ἄνδρα
1210 2056 1548 2107 ἀπηλικέστερον
1582 2055 1725 2106 παριέ-

147 2146 218 2175 ναι
249 2132 352 2175 Her.
387 2132 453 2174 III
488 2132 556 2174 14.

290 2216 333 2259 4.
380 2215 615 2258 infinitivus
648 2229 740 2258 eum
776 2214 889 2257 ὥστε
931 2214 1180 2256 eoniunetus
1220 2210 1464 2267 explicandi
1499 2224 1627 2253 eausa
1670 2210 1725 2251 ad

148 2279 384 2346 pronomen
416 2288 486 2331 vel
517 2288 830 2330 substantivum
865 2285 1053 2329 aeeedit:
1096 2285 1131 2327 εἰ
1163 2285 1210 2326 δέ
1243 2297 1346 2325 ποτε
1380 2284 1548 2334 κληθεὶς
1582 2283 1725 2333 ἐθελή-

148 2370 267 2404 σειεν
299 2360 368 2403 ἐπὶ
401 2363 582 2402 δεῖπνον
614 2360 766 2409 ἐλθεῖν,
799 2359 823 2400 ὃ
856 2362 948 2409 τοῖς
983 2358 1203 2407 πλείστοις
1238 2354 1565 2407 ἐργωδέστατόν
1597 2355 1727 2402 ἐστιν,

149 2431 569 2486 ὥστε-φυλάξασθαι
602 2433 651 2474 τὸ
686 2432 794 2483 ὑπὲρ
827 2432 903 2472 τὸν
942 2430 1072 2481 κόρον
1112 2429 1444 2479 ἐμπίμπλασθαι,
1493 2428 1621 2467 τοῦτο
1655 2425 1727 2479 ῥᾳ-

149 2505 254 2556 δίως
287 2503 400 2546 πάνυ
433 2503 710 2556 ἐφυλάττετο.
763 2503 874 2544 Xen.
909 2502 1070 2543 Uonnn.
1105 2501 1123 2541 I
1157 2500 1198 2553 3,
1222 2500 1263 2541 6.

294 2589 415 2631 Haeo
448 2601 558 2642 quae
591 2585 836 2629 enumeravi
871 2584 1207 2627 enuntiationum
1242 2596 1401 2637 genera
1433 2595 1508 2624 suo
1548 2582 1637 2623 iure
1670 2581 1727 2622 in-

153 2660 361 2704 finitivum
389 2659 620 2716 postulant,
654 2672 750 2700 nam
789 2659 829 2709 1)
865 2661 961 2712 post
983 2654 1214 2698 sententias
1236 2653 1440 2708 negativo
1464 2665 1586 2694 sensu
1610 2665 1727 2707 prae-

150 2731 265 2775 ditas
295 2731 529 2774 infinitivus
567 2744 654 2773 rem
693 2729 905 2784 exprimit,
955 2741 1063 2781 quae
1105 2726 1274 2768 omnino
1316 2739 1398 2766 non
1440 2730 1725 2778 eonsequatni·

149 2804 219 2848 vel
251 2807 482 2846 consecuta
513 2802 582 2857 sit,

294 2875 340 2928 2)
371 2878 469 2931 post
500 2874 732 2917 sententias
764 2873 895 2915 verba
918 2872 1009 2924 χρή,
1032 2870 1168 2913 ἔξεστι
1191 2870 1281 2911 sim.
1308 2869 1586 2923 continentes,
1621 2880 1730 2922 quae

152 2947 354 3002 consequi
387 2946 522 3002 possit
555 2946 621 2988 vel
655 2945 853 3001 potuerit,

295 3019 341 3074 3)
375 3022 472 3079 post
505 3018 635 3062 verba
668 3018 891 3071 συνήνεικε
925 3016 1016 3059 siin.
1051 3019 1091 3059 et
