2034 3458
0 2623 7 2653 vr
0 2601 5 2616 v-
0 2568 5 2585 -.‹
0 2457 7 2557 ‚rev-v

858 296 1090 332 ...19-

331 413 378 468 d)
412 408 543 458 verba
565 415 837 471 prohibendi:
872 418 1083 469 κατέσχον
1106 419 1218 460 ὥστε
1242 419 1294 469 μὴ
1332 451 1339 459 .
1365 452 1371 460 .
1396 453 1402 459 .
1437 419 1758 470 διαφθείρεσθαι

188 485 251 530 IV
285 487 382 539 130,
406 487 447 530 6.
512 488 745 530 διεκώλυσε
778 489 891 530 ὥστε
924 490 1027 540 μηδὲ
1059 491 1286 541 πειρᾶσθαι
1320 490 1377 531 IV
1406 491 1562 543 132‚2.
1626 490 1759 532 κωλύ-

80 563 82 567 ·
109 575 113 597 2
189 567 284 603 σειν
312 557 445 614 [ὥστε
477 561 531 611 μὴ
564 559 801 615 περιπλεῖν]
836 561 918 602 VII
951 561 1022 614 36,
1045 561 1086 602 4-
1121 561 1303 613 (seclusa
1325 560 1408 603 del·
1433 561 1598 613 CObCO·
1653 561 1759 603 ἀπο·

188 630 389 683 στρέψειε
433 631 547 673 ὥστε
592 632 645 682 μὴ
686 632 826 673 ἐλθεῖν
859 632 963 673 VIII
1000 632 1097 685 108,
1140 634 1177 674 1.
1241 632 1497 684 ἀπεχόμενοι
1545 633 1657 674 ὥστε
1706 633 1759 684 μὴ

188 701 414 755 ἐμβάλλειν
445 703 526 744 τινί
558 703 577 744 Ι
610 703 681 755 49,
702 703 742 745 7.
806 703 1037 755 εἴρχθησαν
1069 705 1182 746 ὥστε
1215 705 1268 755 μὴ
1301 703 1417 746 θύειν
1450 704 1487 746 V
1511 703 1582 756 49,
1604 705 1642 746 1.
1677 705 1760 755 (καί

188 783 240 817 σε
272 774 376 827 μήτε
407 775 491 818 νὺξ.
515 772 610 826 μήθ’
644 774 780 826 ἡμέρα
812 775 1023 826 ἐπισχέτω
1056 776 1169 817 ὥστε
1194 775 1358 817 ἀνεῖναι
1390 775 1604 827 πράσσειν
1628 789 1666 817 τι
1698 775 1760 817 ὧν

189 846 283 898 ἐμοὶ
314 846 515 898 ὑπισχνεῖ
547 846 566 888 I
603 846 700 899 129,
720 846 761 888 3.
796 861 835 888 V.
869 861 910 902 p.
934 847 1022 898 46).
1086 848 1153 888 καὶ
1186 847 1284 897 ὑμῖν
1307 846 1419 888 ἔστω
1452 861 1490 888 τι
1522 847 1760 900 τεκμήριον,

188 918 304 960 ὥστε
334 917 476 973 ἀπάτῃ
510 919 564 969 μὴ
597 918 866 969 παράγεσθαι
899 916 970 960 ὑπ’
1005 919 1148 960 αὐτῶν
1182 919 1200 960 Ι
1234 918 1304 972 34,
1323 918 1364 960 3.

331 991 372 1042 e)
405 989 538 1032 verba
569 989 838 1045 paciscendi:
889 990 1128 1042 ξυνέβησαν
1176 991 1290 1032 ὥστε
1338 990 1544 1041 ξύμμαχοι
1585 989 1692 1032 εἶναι
1726 990 1761 1030 V

188 1061 321 1116 61,5.
353 1061 415 1104 IV
447 1061 520 1115 46,
538 1061 580 1103 2.
643 1061 950 1113 ξυνεχώρησαν
984 1062 1019 1102 V
1042 1062 1139 1115 116,
1157 1061 1199 1103 3.
1234 1061 1338 1102 VIII
1362 1062 1432 1114 93,
1452 1061 1494 1103 3.
1558 1061 1761 1112 ἀλλήλοις

146 1133 148 1135 ’
187 1135 471 1186 ξυνεχωρεῖτο
504 1131 541 1174 V
567 1133 634 1186 17,
653 1134 695 1174 2.
759 1133 1081 1184 ξυνηνέχθησαν
1113 1133 1258 1187 γνώμῃ
1294 1133 1353 1175 IV
1393 1133 1524 1186 65,1.
1587 1134 1761 1174 ποιοῦν-

187 1218 257 1248 ται
295 1204 532 1257 ὁμολογίαν
564 1204 630 1246 ΙΙΙ
664 1204 795 1258 28,1.
859 1204 1067 1256 ὁμολογία
1114 1205 1300 1255 γίγνεται
1334 1204 1416 1246 VII
1449 1204 1519 1258 82,
1539 1205 1580 1245 2.
1644 1204 1763 1245 σπεί-

190 1279 355 1320 σασθαι
385 1275 447 1318 VI
481 1276 581 1331 7,1.
630 1276 735 1318 VIII
768 1277 839 1329 20,
858 1278 899 1318 2.
978 1277 1212 1328 ξυμμαχίαν
1260 1279 1476 1318 ποιεῖσθαι
1509 1276 1528 1317 I
1560 1276 1692 1329 44,1.
1726 1275 1763 1317 V

158 1347 261 1402 ·27‚
293 1348 336 1390 2.
399 1348 596 1399 σπονδὰς
629 1351 845 1389 ποιεῖσθαι
880 1348 942 1389 1ss
979 1347 1104 1402 75,1.
1183 1348 1379 1399 σπονδὰς
1428 1348 1495 1389 καὶ
1528 1347 1763 1398 ξυμμαχίαν

189 1422 406 1463 ποιεῖσθαι
437 1419 504 1461 III
539 1420 638 1473 114,
657 1420 698 1461 3.
762 1420 1126 1471 παραστήσασθαι
1159 1419 1366 1474 ὁμολογίᾳ
1399 1419 1566 1472 129,5.
1630 1418 1763 1460 διεκό-

189 1501 321 1544 μισαν
352 1491 663 1542 ὑποσπόνδους
698 1491 758 1532 IV
780 1491 851 1544 46,
870 1491 912 1533 3.
975 1490 1169 1533 Eundem
1202 1504 1370 1532 sensum
1404 1504 1485 1544 „ea
1513 1489 1764 1532 condicione

189 1563 264 1606 ut“
297 1561 473 1606 exhibet
505 1563 618 1605 ὥστε
651 1562 862 1618 particula
909 1567 1006 1618 post
1051 1562 1290 1604 ἀποδοῦναι
1323 1562 1406 1604 VII
1439 1562 1510 1615 83,
1528 1562 1570 1603 2.
1632 1575 1764 1613 παρα-

187 1637 342 1678 δοῦναι
375 1635 437 1678 IV
469 1635 540 1689 37,
559 1635 600 1676 2.
665 1634 776 1686 ἔχειν
811 1635 827 1675 Ι
859 1634 1015 1687 136,1.
1079 1634 1322 1685 ἀναστῆσαι
1358 1634 1423 1675 III
1457 1633 1528 1686 28,
1547 1634 1588 1675 2.
1645 1633 1764 1675 δέξα-

189 1711 292 1750 σθαι
323 1706 362 1750 V
383 1707 455 1749 94.
518 1707 681 1758 ἑτοῖμοι
714 1707 760 1748 δὲ
793 1705 900 1748 εἶναι
933 1707 1000 1747 καὶ
1032 1707 1146 1747 ὥστε
1178 1705 1451 1757 ἀμφοτέρους
1486 1705 1626 1756 μένειν
1659 1704 1765 1746 κατὰ

189 1779 336 1833 χώραν
368 1779 388 1822 1
419 1779 492 1832 28,
506 1779 548 1821 5.
614 1778 769 1831 (Simili
803 1791 928 1820 sensu
960 1776 1029 1830 ἐφ’
1065 1778 1100 1833 ᾧ
1133 1791 1227 1820 eum
1261 1778 1337 1819 fut.
1372 1776 1458 1819 ind.
1493 1775 1765 1831 coniungitur

189 1851 211 1894 I
247 1842 407 1906 103,1.
443 1851 541 1905 113,
559 1851 601 1893 3
639 1850 736 1904 126,
759 1852 826 1891 11.
861 1850 919 1891 IV
952 1851 1022 1903 30,
1041 1850 1101 1902 4.)
1165 1850 1230 1892 De
1264 1850 1482 1903 11134,3,
1530 1848 1602 1891 ubi
1634 1848 1763 1890 futuri

112 1924 115 1926 ’
190 1922 424 1966 infinitivus
455 1921 636 1965 eandem
670 1921 755 1964 vim
789 1921 946 1964 habere
979 1921 1161 1974 videtur,
1196 1936 1235 1963 v.
1269 1936 1310 1976 p.
1334 1922 1405 1962 45.

336 1994 424 2038 Sed
456 2008 541 2037 non
573 1994 708 2036 solum
740 1998 837 2049 post
870 1993 975 2035 haee
1009 1994 1154 2046 verba,
1189 2006 1365 2047 quorum
1398 1992 1607 2047 permulta
1639 1991 1765 2033 etiam

190 2079 277 2110 non
308 2066 544 2122 praemissa
577 2066 691 2107 ὥστε
724 2064 934 2120 particula
967 2064 1220 2106 infinitivum
1253 2077 1401 2117 regere
1424 2063 1572 2116 solent,
1606 2077 1631 2105 a
1653 2063 1767 2104 nullo

193 2151 364 2193 quoque
395 2137 527 2180 verbo
560 2136 750 2192 pendens
783 2138 896 2178 ὥστε
928 2136 1053 2177 finem
1092 2135 1273 2178 aetionis
1310 2135 1522 2190 exprimit,
1571 2139 1616 2176 ut
1654 2133 1765 2176 idem

186 2209 338 2254 <valeat
370 2222 422 2252 ae
453 2214 643 2252 nostrum
681 2222 777 2264 „um
809 2206 885 2249 zu“
923 2221 1017 2249 cum
1050 2207 1257 2249 infinitivo
1291 2206 1582 2248 coniunctum:

340 2282 390 2324 τὸ
413 2281 537 2323 ἕκτον
561 2281 688 2332 μέρος
712 2282 841 2331 σφῶν
865 2280 1008 2320 αὐτῶν
1040 2278 1376 2329 ἀποπέμψαντες
1403 2276 1468 2319 ἐπ’
1490 2277 1622 2328 οἴκου,
1655 2279 1768 2318 ὥστε

195 2353 249 2397 τὰ
281 2353 392 2396 οἴκοι
424 2355 646 2406 φρουρεῖν,
679 2351 962 2404 ἀφικνοῦνται
994 2351 1038 2401 ἐς
1062 2350 1223 2400 Τεγέαν
1257 2350 1291 2391 V
1316 2350 1386 2402 64,
1405 2350 1446 2390 3.
1510 2351 1596 2390 τῶν
1628 2349 1764 2400 ἡβών-

193 2438 284 2468 των
332 2425 450 2480 αὐτῷ
489 2424 752 2476 παρανόμως
802 2422 964 2474 ἄνδρας
1013 2423 1165 2473 ἐξῆγον
1197 2423 1242 2463 ἐκ
1275 2421 1486 2472 Σπάρτης,
1535 2421 1646 2462 ὥστε
1680 2422 1766 2461 τῶν

195 2497 368 2540 πόλεων
400 2495 615 2555 ἄρχοντας
649 2495 898 2537 καθιστάναι
931 2495 998 2535 καὶ
1032 2495 1084 2545 μὴ
1118 2496 1209 2544 τοῖς
1243 2493 1497 2543 ἐντυχοῦσιν
1525 2492 1765 2542 ἐπιτρέπειν

194 2568 256 2612 IV
291 2568 390 2623 132,
405 2569 446 2610 3.
512 2568 656 2619 λαβὼν
689 2567 715 2608 ἃ
748 2567 950 2621 ᾐτήσατο,
984 2566 1029 2606 ἐκ
1067 2567 1143 2606 τοῦ
1181 2565 1380 2616 ἀφανοῦς
1415 2564 1620 2615 ὁρμήσας,
1654 2564 1766 2604 ὥστε

194 2641 250 2693 μὴ
283 2640 390 2683 ἰδεῖν
422 2639 623 2690 ἐκείνους,
656 2638 892 2690 περιελθὼν
925 2637 1050 2679 ἔλαθε
1085 2637 1142 2677 IV
1176 2637 1246 2690 36,
1266 2637 1307 2677 2.
1371 2638 1636 2685 σκοποῦντες
1682 2648 1767 2675 και-

195 2713 274 2765 ρὸν
306 2711 344 2754 εἴ
375 2725 439 2763 τις
472 2710 718 2762 παραπέσοι
758 2711 871 2750 ὥστε
904 2710 1006 2759 τοὺς
1052 2708 1214 2759 ἄνδρας
1260 2709 1401 2748 σῶσαι
1436 2707 1492 2747 IV
1527 2706 1597 2758 23,
1616 2707 1657 2747 2.
1720 2709 1769 2759 τῇ

193 2785 242 2827 δὲ
273 2786 456 2838 στρατιᾷ
489 2781 750 2834 προστάξειν
783 2780 866 2832 ἔφη
903 2779 1244 2831 (Τισσαφέρνης)
1263 2779 1418 2829 Ταμὼν
1451 2778 1605 2819 ἑαυτοῦ
1640 2776 1771 2828 ὕπαρ-

193 2869 284 2908 χον,
315 2855 429 2897 ὥστε
461 2855 641 2906 τροφὴν,
689 2854 736 2894 ἐν
770 2851 862 2906 ὅσῳ
904 2851 957 2893 ἂν
990 2851 1122 2902 αὐτὸς
1155 2850 1254 2905 ἀπῇ,
1303 2850 1467 2891 διδόναι
1503 2848 1606 2890 VIII
1641 2848 1710 2901 87,
1734 2849 1770 2888 1.

198 2928 407 2981 ὥρμησαν
431 2926 681 2979 ἑκραγέντες
715 2925 782 2966 ἐπὶ
816 2924 891 2965 τὸν
919 2922 1160 2974 Ἀστύοχον
1183 2923 1296 2964 ὥστε
1321 2921 1491 2974 βάλλειν
1514 2920 1618 2962 VIII
1642 2919 1712 2973 84,
1731 2919 1771 2961 3
