<?xml version="1.0" encoding="UTF-8"?>
<!DOCTYPE html PUBLIC "-//W3C//DTD XHTML 1.0 Transitional//EN"
    "http://www.w3.org/TR/xhtml1/DTD/xhtml1-transitional.dtd">
<html xmlns="http://www.w3.org/1999/xhtml" xml:lang="en" lang="en">
 <head>
  <title>
</title>
<meta http-equiv="Content-Type" content="text/html;charset=utf-8" />
  <meta name='ocr-system' content='tesseract 3.04.00' />
  <meta name='ocr-capabilities' content='ocr_page ocr_carea ocr_par ocr_line ocrx_word'/>
</head>
<body>
  <div class='ocr_page' id='page_1' title='image "./dehosteparticula00wehmuoft_0029.png"; bbox 0 0 2034 3458; ppageno 0'>
   <div class='ocr_carea' id='block_1_1' title="bbox 816 291 1050 328">
    <p class='ocr_par' dir='ltr' id='par_1_1' title="bbox 816 291 1050 328">
     <span class='ocr_line' id='line_1_1' title="bbox 816 291 1050 328; baseline 0.004 -10"><span class='ocrx_word' id='word_1_1' title='bbox 816 291 1050 328; x_wconf 52' lang='lat'>„21-</span> 
     </span>
    </p>
   </div>
   <div class='ocr_carea' id='block_1_2' title="bbox 0 385 394 851">
    <p class='ocr_par' dir='ltr' id='par_1_2' title="bbox 0 385 394 851">
     <span class='ocr_line' id='line_1_2' title="bbox 0 385 385 592; baseline 0 -114"><span class='ocrx_word' id='word_1_2' title='bbox 0 385 385 592; x_wconf 95' lang='lat' dir='ltr'>    </span> 
     </span>
     <span class='ocr_line' id='line_1_3' title="bbox 0 592 394 780; baseline 0 0"><span class='ocrx_word' id='word_1_3' title='bbox 0 592 394 780; x_wconf 95' lang='lat' dir='ltr'>    </span> 
     </span>
     <span class='ocr_line' id='line_1_4' title="bbox 0 780 366 851; baseline 0 -46"><span class='ocrx_word' id='word_1_4' title='bbox 0 780 366 851; x_wconf 95' lang='lat' dir='ltr'>  </span> 
     </span>
    </p>
   </div>
   <div class='ocr_carea' id='block_1_3' title="bbox 183 395 1718 757">
    <p class='ocr_par' dir='ltr' id='par_1_3' title="bbox 183 395 1718 754">
     <span class='ocr_line' id='line_1_5' title="bbox 394 395 899 475; baseline -0.008 -16.174"><span class='ocrx_word' id='word_1_5' title='bbox 394 420 451 475; x_wconf 62' lang='lat' dir='ltr'>ex</span> <span class='ocrx_word' id='word_1_6' title='bbox 469 395 548 452; x_wconf 51' lang='grc' dir='ltr'>Δ’ὅτι</span> <span class='ocrx_word' id='word_1_7' title='bbox 581 410 899 455; x_wconf 87' lang='lat' dir='ltr'>coniunctione:</span> 
     </span>
     <span class='ocr_line' id='line_1_6' title="bbox 183 480 1718 546; baseline -0.003 -13"><span class='ocrx_word' id='word_1_8' title='bbox 183 541 189 546; x_wconf 19' lang='lat' dir='ltr'><strong><em>f</em></strong></span> <span class='ocrx_word' id='word_1_9' title='bbox 335 487 356 531; x_wconf 61' lang='grc' dir='ltr'>’ζ</span> <span class='ocrx_word' id='word_1_10' title='bbox 385 487 418 532; x_wconf 67' lang='grc' dir='ltr'>ἱὲ</span> <span class='ocrx_word' id='word_1_11' title='bbox 432 480 507 525; x_wconf 62' lang='grc' dir='ltr'>ὅτι</span> <span class='ocrx_word' id='word_1_12' title='bbox 537 482 564 534; x_wconf 85' lang='grc' dir='ltr'>ἧ</span> <span class='ocrx_word' id='word_1_13' title='bbox 596 483 722 535; x_wconf 85' lang='grc' dir='ltr'>πόλις</span> <span class='ocrx_word' id='word_1_14' title='bbox 754 487 886 537; x_wconf 83' lang='grc' dir='ltr'>σφῶν</span> <span class='ocrx_word' id='word_1_15' title='bbox 916 486 1166 538; x_wconf 85' lang='grc' dir='ltr'>τετείχισται</span> <span class='ocrx_word' id='word_1_16' title='bbox 1198 487 1278 539; x_wconf 83' lang='grc' dir='ltr'>ἤδη</span> <span class='ocrx_word' id='word_1_17' title='bbox 1311 487 1426 531; x_wconf 84' lang='grc' dir='ltr'>ὥστε</span> <span class='ocrx_word' id='word_1_18' title='bbox 1455 489 1577 541; x_wconf 85' lang='grc' dir='ltr'>ἱκανὴ</span> <span class='ocrx_word' id='word_1_19' title='bbox 1610 488 1718 532; x_wconf 80' lang='grc' dir='ltr'>εἶναι</span> 
     </span>
     <span class='ocr_line' id='line_1_7' title="bbox 219 548 1718 614; baseline -0.002 -14"><span class='ocrx_word' id='word_1_20' title='bbox 219 548 450 614; x_wconf 55' lang='grc' dir='ltr'>ὡὺς</span> <span class='ocrx_word' id='word_1_21' title='bbox 463 553 746 606; x_wconf 72' lang='grc' dir='ltr'>ἐνοικοῦντας</span> <span class='ocrx_word' id='word_1_22' title='bbox 787 556 807 598; x_wconf 90' lang='grc' dir='ltr'>Ι</span> <span class='ocrx_word' id='word_1_23' title='bbox 839 556 910 610; x_wconf 88' lang='lat'>91,</span> <span class='ocrx_word' id='word_1_24' title='bbox 927 557 970 599; x_wconf 99' lang='lat'>4.</span> <span class='ocrx_word' id='word_1_25' title='bbox 1041 559 1109 600; x_wconf 86' lang='grc' dir='ltr'>καὶ</span> <span class='ocrx_word' id='word_1_26' title='bbox 1142 562 1377 611; x_wconf 86' lang='grc' dir='ltr'>μεμνῆσθαι</span> <span class='ocrx_word' id='word_1_27' title='bbox 1409 561 1488 612; x_wconf 90' lang='grc' dir='ltr'>χρὴ</span> <span class='ocrx_word' id='word_1_28' title='bbox 1520 561 1630 612; x_wconf 82' lang='grc' dir='ltr'>ἡμᾶς</span> <span class='ocrx_word' id='word_1_29' title='bbox 1653 561 1718 604; x_wconf 76' lang='grc' dir='ltr'>ὅτι</span> 
     </span>
     <span class='ocr_line' id='line_1_8' title="bbox 219 625 1718 691; baseline -0.002 -13"><span class='ocrx_word' id='word_1_30' title='bbox 219 676 225 691; x_wconf 7' lang='grc' dir='ltr'>,Ἰ</span> <span class='ocrx_word' id='word_1_31' title='bbox 427 625 594 669; x_wconf 79' lang='grc' dir='ltr'>νόσου</span> <span class='ocrx_word' id='word_1_32' title='bbox 628 627 814 679; x_wconf 84' lang='grc' dir='ltr'>μεγάλης</span> <span class='ocrx_word' id='word_1_33' title='bbox 846 629 914 670; x_wconf 84' lang='grc' dir='ltr'>καὶ</span> <span class='ocrx_word' id='word_1_34' title='bbox 945 629 1136 681; x_wconf 86' lang='grc' dir='ltr'>πολέμου</span> <span class='ocrx_word' id='word_1_35' title='bbox 1170 631 1304 683; x_wconf 89' lang='grc' dir='ltr'>βραχύ</span> <span class='ocrx_word' id='word_1_36' title='bbox 1327 646 1366 673; x_wconf 88' lang='grc' dir='ltr'>τι</span> <span class='ocrx_word' id='word_1_37' title='bbox 1399 633 1718 685; x_wconf 87' lang='grc' dir='ltr'>λελωφήκαμεν,</span> 
     </span>
     <span class='ocr_line' id='line_1_9' title="bbox 234 693 1718 757; baseline -0.001 -8"><span class='ocrx_word' id='word_1_38' title='bbox 234 693 254 702; x_wconf 46' lang='grc'><em>”</em></span> <span class='ocrx_word' id='word_1_39' title='bbox 306 703 307 706; x_wconf 65' lang='grc'>’</span> <span class='ocrx_word' id='word_1_40' title='bbox 329 695 582 751; x_wconf 57' lang='lat' dir='ltr'>mxm&#39;mao&#39;t</span> <span class='ocrx_word' id='word_1_41' title='bbox 613 699 681 741; x_wconf 91' lang='grc' dir='ltr'>καὶ</span> <span class='ocrx_word' id='word_1_42' title='bbox 713 701 806 751; x_wconf 84' lang='grc' dir='ltr'>τοῖς</span> <span class='ocrx_word' id='word_1_43' title='bbox 838 700 1038 752; x_wconf 87' lang='grc' dir='ltr'>σώμασιν</span> <span class='ocrx_word' id='word_1_44' title='bbox 1070 701 1277 754; x_wconf 85' lang='grc' dir='ltr'>ηὐξῆσθαι</span> <span class='ocrx_word' id='word_1_45' title='bbox 1299 702 1360 745; x_wconf 93' lang='lat' dir='ltr'>VI</span> <span class='ocrx_word' id='word_1_46' title='bbox 1385 704 1452 757; x_wconf 81' lang='grc'>12,</span> <span class='ocrx_word' id='word_1_47' title='bbox 1480 705 1517 746; x_wconf 88' lang='grc'>1.</span> <span class='ocrx_word' id='word_1_48' title='bbox 1551 704 1617 747; x_wconf 91' lang='lat' dir='ltr'>De</span> <span class='ocrx_word' id='word_1_49' title='bbox 1634 705 1718 747; x_wconf 93' lang='lat' dir='ltr'>VII</span> 
     </span>
    </p>
   </div>
   <div class='ocr_carea' id='block_1_4' title="bbox 362 800 1729 1187">
    <p class='ocr_par' dir='ltr' id='par_1_4' title="bbox 362 800 1718 966">
     <span class='ocr_line' id='line_1_10' title="bbox 362 800 1718 901; baseline 0.003 -16"><span class='ocrx_word' id='word_1_50' title='bbox 362 800 605 890; x_wconf 61' lang='lat' dir='ltr'>infinitivus</span> <span class='ocrx_word' id='word_1_51' title='bbox 637 854 732 884; x_wconf 90' lang='lat' dir='ltr'>cum</span> <span class='ocrx_word' id='word_1_52' title='bbox 765 835 878 885; x_wconf 86' lang='grc' dir='ltr'>ὥστε</span> <span class='ocrx_word' id='word_1_53' title='bbox 912 843 1161 887; x_wconf 80' lang='lat' dir='ltr'>coniunctus</span> <span class='ocrx_word' id='word_1_54' title='bbox 1208 845 1454 901; x_wconf 87' lang='lat' dir='ltr'>explicandi</span> <span class='ocrx_word' id='word_1_55' title='bbox 1501 859 1631 890; x_wconf 84' lang='lat' dir='ltr'>causa</span> <span class='ocrx_word' id='word_1_56' title='bbox 1662 844 1718 889; x_wconf 86' lang='lat' dir='ltr'>ad</span> 
     </span>
     <span class='ocr_line' id='line_1_11' title="bbox 362 906 1457 966; baseline 0.004 -11"><span class='ocrx_word' id='word_1_57' title='bbox 362 906 791 966; x_wconf 59' lang='lat' dir='ltr'>&#39;’glemonstrativum</span> <span class='ocrx_word' id='word_1_58' title='bbox 823 914 891 956; x_wconf 89' lang='lat' dir='ltr'>vel</span> <span class='ocrx_word' id='word_1_59' title='bbox 923 915 1234 958; x_wconf 85' lang='lat' dir='ltr'>substantivum</span> <span class='ocrx_word' id='word_1_60' title='bbox 1267 916 1457 960; x_wconf 86' lang='lat' dir='ltr'>accedit:</span> 
     </span>
    </p>

    <p class='ocr_par' dir='ltr' id='par_1_5' title="bbox 365 971 1729 1187">
     <span class='ocr_line' id='line_1_12' title="bbox 370 971 1719 1041; baseline 0.004 -14.987"><span class='ocrx_word' id='word_1_61' title='bbox 370 1005 389 1020; x_wconf 77' lang='grc' dir='ltr'>υ</span> <span class='ocrx_word' id='word_1_62' title='bbox 408 971 589 1039; x_wconf 49' lang='grc' dir='ltr'>’ρύντως</span> <span class='ocrx_word' id='word_1_63' title='bbox 622 986 691 1027; x_wconf 90' lang='grc' dir='ltr'>καὶ</span> <span class='ocrx_word' id='word_1_64' title='bbox 723 985 823 1028; x_wconf 84' lang='grc' dir='ltr'>τόδε</span> <span class='ocrx_word' id='word_1_65' title='bbox 855 985 1007 1038; x_wconf 85' lang='grc' dir='ltr'>ἔχομεν</span> <span class='ocrx_word' id='word_1_66' title='bbox 1040 987 1154 1030; x_wconf 91' lang='grc' dir='ltr'>ὥστε</span> <span class='ocrx_word' id='word_1_67' title='bbox 1176 990 1339 1040; x_wconf 86' lang='grc' dir='ltr'>τολμᾶν</span> <span class='ocrx_word' id='word_1_68' title='bbox 1369 1003 1414 1031; x_wconf 91' lang='grc' dir='ltr'>τε</span> <span class='ocrx_word' id='word_1_69' title='bbox 1436 989 1477 1031; x_wconf 80' lang='grc' dir='ltr'>οἱ</span> <span class='ocrx_word' id='word_1_70' title='bbox 1499 989 1622 1031; x_wconf 85' lang='grc' dir='ltr'>αὐτοὶ</span> <span class='ocrx_word' id='word_1_71' title='bbox 1645 989 1719 1041; x_wconf 87' lang='grc' dir='ltr'>μά-</span> 
     </span>
     <span class='ocr_line' id='line_1_13' title="bbox 365 1054 1729 1115; baseline 0.004 -17"><span class='ocrx_word' id='word_1_72' title='bbox 365 1054 483 1112; x_wconf 59' lang='lat' dir='ltr'>sm}</span> <span class='ocrx_word' id='word_1_73' title='bbox 503 1055 566 1099; x_wconf 86' lang='grc' dir='ltr'>ῶν</span> <span class='ocrx_word' id='word_1_74' title='bbox 588 1057 916 1114; x_wconf 70' lang='grc' dir='ltr'>ἐπιχειρήσομεν</span> <span class='ocrx_word' id='word_1_75' title='bbox 937 1059 1229 1110; x_wconf 83' lang='grc' dir='ltr'>ἐκλογίζεσθαι</span> <span class='ocrx_word' id='word_1_76' title='bbox 1262 1059 1304 1101; x_wconf 95' lang='lat' dir='ltr'>II</span> <span class='ocrx_word' id='word_1_77' title='bbox 1321 1060 1393 1114; x_wconf 85' lang='lat'>40,</span> <span class='ocrx_word' id='word_1_78' title='bbox 1411 1061 1453 1102; x_wconf 88' lang='lat'>3.</span> <span class='ocrx_word' id='word_1_79' title='bbox 1486 1060 1657 1115; x_wconf 86' lang='lat' dir='ltr'>V1148,</span> <span class='ocrx_word' id='word_1_80' title='bbox 1676 1061 1729 1104; x_wconf 68' lang='lat'>3.</span> 
     </span>
     <span class='ocr_line' id='line_1_14' title="bbox 459 1128 1719 1187; baseline 0.003 -15.761"><span class='ocrx_word' id='word_1_81' title='bbox 459 1139 554 1172; x_wconf 73' lang='grc' dir='ltr'>’νοι</span> <span class='ocrx_word' id='word_1_82' title='bbox 584 1132 635 1184; x_wconf 86' lang='grc' dir='ltr'>τῇ</span> <span class='ocrx_word' id='word_1_83' title='bbox 669 1128 915 1185; x_wconf 77' lang='grc' dir='ltr'>ἀνθρωπεία</span> <span class='ocrx_word' id='word_1_84' title='bbox 936 1129 1068 1183; x_wconf 89' lang='grc' dir='ltr'>φύσει</span> <span class='ocrx_word' id='word_1_85' title='bbox 1096 1130 1209 1174; x_wconf 89' lang='grc' dir='ltr'>ὥστε</span> <span class='ocrx_word' id='word_1_86' title='bbox 1239 1131 1397 1184; x_wconf 87' lang='grc' dir='ltr'>ἑτέρων</span> <span class='ocrx_word' id='word_1_87' title='bbox 1429 1131 1577 1185; x_wconf 88' lang='grc' dir='ltr'>ἄρχειν</span> <span class='ocrx_word' id='word_1_88' title='bbox 1609 1133 1629 1174; x_wconf 91' lang='grc' dir='ltr'>Ι</span> <span class='ocrx_word' id='word_1_89' title='bbox 1648 1133 1719 1187; x_wconf 79' lang='lat'>76,</span> 
     </span>
    </p>
   </div>
   <div class='ocr_carea' id='block_1_5' title="bbox 0 851 485 3012">
    <p class='ocr_par' dir='ltr' id='par_1_6' title="bbox 0 851 485 3012">
     <span class='ocr_line' id='line_1_15' title="bbox 0 851 419 1070; baseline 0 -42"><span class='ocrx_word' id='word_1_90' title='bbox 0 851 419 1070; x_wconf 95' lang='lat' dir='ltr'>    </span> 
     </span>
     <span class='ocr_line' id='line_1_16' title="bbox 0 1070 485 1363; baseline 0 0"><span class='ocrx_word' id='word_1_91' title='bbox 0 1070 485 1363; x_wconf 95' lang='lat' dir='ltr'>    </span> 
     </span>
     <span class='ocr_line' id='line_1_17' title="bbox 0 1385 466 1607; baseline 0 -31"><span class='ocrx_word' id='word_1_92' title='bbox 0 1385 466 1607; x_wconf 95' lang='lat' dir='ltr'>   </span> 
     </span>
     <span class='ocr_line' id='line_1_18' title="bbox 0 1607 409 1786; baseline 0 -74"><span class='ocrx_word' id='word_1_93' title='bbox 0 1607 409 1786; x_wconf 95' lang='lat' dir='ltr'>    </span> 
     </span>
     <span class='ocr_line' id='line_1_19' title="bbox 0 1786 396 1862; baseline 0 -44"><span class='ocrx_word' id='word_1_94' title='bbox 0 1786 396 1862; x_wconf 95' lang='lat' dir='ltr'>  </span> 
     </span>
     <span class='ocr_line' id='line_1_20' title="bbox 0 1862 460 2075; baseline 0 -71"><span class='ocrx_word' id='word_1_95' title='bbox 0 1862 460 2075; x_wconf 95' lang='lat' dir='ltr'>    </span> 
     </span>
     <span class='ocr_line' id='line_1_21' title="bbox 0 2075 421 2248; baseline 0 -34"><span class='ocrx_word' id='word_1_96' title='bbox 0 2075 421 2248; x_wconf 95' lang='lat' dir='ltr'>   </span> 
     </span>
     <span class='ocr_line' id='line_1_22' title="bbox 0 2248 322 2390; baseline 0 0"><span class='ocrx_word' id='word_1_97' title='bbox 0 2248 322 2390; x_wconf 95' lang='lat' dir='ltr'>   </span> 
     </span>
     <span class='ocr_line' id='line_1_23' title="bbox 0 2390 406 2537; baseline 0 -27"><span class='ocrx_word' id='word_1_98' title='bbox 0 2390 406 2537; x_wconf 95' lang='lat' dir='ltr'>   </span> 
     </span>
     <span class='ocr_line' id='line_1_24' title="bbox 0 2537 326 2722; baseline 0 -72"><span class='ocrx_word' id='word_1_99' title='bbox 0 2537 326 2722; x_wconf 95' lang='lat' dir='ltr'>    </span> 
     </span>
     <span class='ocr_line' id='line_1_25' title="bbox 0 2722 338 3012; baseline 0 -215"><span class='ocrx_word' id='word_1_100' title='bbox 0 2722 338 3012; x_wconf 95' lang='lat' dir='ltr'>     </span> 
     </span>
    </p>
   </div>
   <div class='ocr_carea' id='block_1_6' title="bbox 370 1261 1718 1332">
    <p class='ocr_par' dir='ltr' id='par_1_7' title="bbox 370 1261 1718 1332">
     <span class='ocr_line' id='line_1_26' title="bbox 370 1261 1718 1332; baseline 0.002 -16"><span class='ocrx_word' id='word_1_101' title='bbox 370 1261 622 1321; x_wconf 70' lang='lat' dir='ltr'>In&#39;finitivus</span> <span class='ocrx_word' id='word_1_102' title='bbox 660 1287 749 1316; x_wconf 88' lang='lat' dir='ltr'>rem</span> <span class='ocrx_word' id='word_1_103' title='bbox 797 1274 1011 1330; x_wconf 64' lang='lat' dir='ltr'>exprimit,</span> <span class='ocrx_word' id='word_1_104' title='bbox 1060 1288 1170 1329; x_wconf 87' lang='lat' dir='ltr'>quae</span> <span class='ocrx_word' id='word_1_105' title='bbox 1214 1276 1416 1330; x_wconf 80' lang='lat' dir='ltr'>consequi</span> <span class='ocrx_word' id='word_1_106' title='bbox 1461 1280 1604 1332; x_wconf 84' lang='lat' dir='ltr'>potest</span> <span class='ocrx_word' id='word_1_107' title='bbox 1649 1276 1718 1319; x_wconf 87' lang='lat' dir='ltr'>vel</span> 
     </span>
    </p>
   </div>
   <div class='ocr_carea' id='block_1_7' title="bbox 99 1408 1725 2837">
    <p class='ocr_par' dir='ltr' id='par_1_8' title="bbox 288 1408 1720 1905">
     <span class='ocr_line' id='line_1_27' title="bbox 357 1408 1720 1474; baseline 0.001 -14"><span class='ocrx_word' id='word_1_108' title='bbox 357 1408 568 1469; x_wconf 44' lang='grc' dir='ltr'>ἕνῦτῐλοις</span> <span class='ocrx_word' id='word_1_109' title='bbox 601 1414 746 1460; x_wconf 82' lang='grc' dir='ltr'>αὐτῶν</span> <span class='ocrx_word' id='word_1_110' title='bbox 778 1419 846 1460; x_wconf 87' lang='grc' dir='ltr'>καὶ</span> <span class='ocrx_word' id='word_1_111' title='bbox 877 1422 937 1474; x_wconf 82' lang='grc' dir='ltr'>τῷ</span> <span class='ocrx_word' id='word_1_112' title='bbox 967 1419 1117 1470; x_wconf 87' lang='grc' dir='ltr'>πλήθει</span> <span class='ocrx_word' id='word_1_113' title='bbox 1149 1418 1449 1471; x_wconf 87' lang='grc' dir='ltr'>ὑπερφέρομεν</span> <span class='ocrx_word' id='word_1_114' title='bbox 1496 1419 1610 1462; x_wconf 86' lang='grc' dir='ltr'>ὥστε</span> <span class='ocrx_word' id='word_1_115' title='bbox 1641 1421 1720 1472; x_wconf 90' lang='grc' dir='ltr'>τὴν</span> 
     </span>
     <span class='ocr_line' id='line_1_28' title="bbox 444 1489 1720 1547; baseline 0.002 -15.842"><span class='ocrx_word' id='word_1_116' title='bbox 444 1489 772 1542; x_wconf 46' lang='grc' dir='ltr'>’ἐπιφοιτῶντες</span> <span class='ocrx_word' id='word_1_117' title='bbox 812 1490 831 1532; x_wconf 97' lang='lat' dir='ltr'>I</span> <span class='ocrx_word' id='word_1_118' title='bbox 865 1490 935 1544; x_wconf 84' lang='lat'>81,</span> <span class='ocrx_word' id='word_1_119' title='bbox 957 1491 1026 1547; x_wconf 71' lang='lat'>1..</span> <span class='ocrx_word' id='word_1_120' title='bbox 1059 1490 1156 1542; x_wconf 85' lang='grc' dir='ltr'>,ἕως</span> <span class='ocrx_word' id='word_1_121' title='bbox 1201 1490 1254 1532; x_wconf 85' lang='grc' dir='ltr'>ἂν</span> <span class='ocrx_word' id='word_1_122' title='bbox 1286 1491 1336 1533; x_wconf 93' lang='grc' dir='ltr'>τὸ</span> <span class='ocrx_word' id='word_1_123' title='bbox 1382 1493 1524 1543; x_wconf 88' lang='grc' dir='ltr'>τεῖχος</span> <span class='ocrx_word' id='word_1_124' title='bbox 1570 1491 1720 1534; x_wconf 86' lang='grc' dir='ltr'>ἱκανὸν</span> 
     </span>
     <span class='ocr_line' id='line_1_29' title="bbox 367 1560 1719 1619; baseline 0.001 -16"><span class='ocrx_word' id='word_1_125' title='bbox 367 1617 370 1619; x_wconf 31' lang='grc'>-</span> <span class='ocrx_word' id='word_1_126' title='bbox 448 1560 790 1613; x_wconf 49' lang='grc' dir='ltr'>Υ’ἀπομάχεσθαι</span> <span class='ocrx_word' id='word_1_127' title='bbox 823 1561 842 1603; x_wconf 93' lang='grc' dir='ltr'>Ι</span> <span class='ocrx_word' id='word_1_128' title='bbox 875 1561 946 1615; x_wconf 85' lang='lat'>90,</span> <span class='ocrx_word' id='word_1_129' title='bbox 964 1561 1028 1603; x_wconf 89' lang='grc'>3</span> <span class='ocrx_word' id='word_1_130' title='bbox 1083 1562 1308 1613; x_wconf 78' lang='grc' dir='ltr'>ἐτειχίζετο</span> <span class='ocrx_word' id='word_1_131' title='bbox 1355 1561 1435 1604; x_wconf 82' lang='grc' dir='ltr'>οὖν</span> <span class='ocrx_word' id='word_1_132' title='bbox 1482 1561 1596 1605; x_wconf 88' lang='grc' dir='ltr'>οὕτω</span> <span class='ocrx_word' id='word_1_133' title='bbox 1643 1563 1719 1607; x_wconf 86' lang='grc' dir='ltr'>ξὺν</span> 
     </span>
     <span class='ocr_line' id='line_1_30' title="bbox 377 1627 1719 1686; baseline 0.001 -10.992"><span class='ocrx_word' id='word_1_134' title='bbox 366 1627 442 1640; x_wconf 42' lang='lat'>‘⁴&#39;</span> <span class='ocrx_word' id='word_1_135' title='bbox 484 1634 596 1686; x_wconf 87' lang='grc' dir='ltr'>πρὸς</span> <span class='ocrx_word' id='word_1_136' title='bbox 627 1633 806 1685; x_wconf 88' lang='grc' dir='ltr'>ἤπειρον</span> <span class='ocrx_word' id='word_1_137' title='bbox 837 1633 1072 1686; x_wconf 85' lang='grc' dir='ltr'>ὑπάρχοντι</span> <span class='ocrx_word' id='word_1_138' title='bbox 1109 1634 1235 1685; x_wconf 86' lang='grc' dir='ltr'>τείχει</span> <span class='ocrx_word' id='word_1_139' title='bbox 1265 1633 1378 1676; x_wconf 85' lang='grc' dir='ltr'>ὥστε</span> <span class='ocrx_word' id='word_1_140' title='bbox 1426 1635 1719 1686; x_wconf 87' lang='grc' dir='ltr'>καθεζομένων</span> 
     </span>
     <span class='ocr_line' id='line_1_31' title="bbox 338 1702 1718 1759; baseline 0.001 -12"><span class='ocrx_word' id='word_1_141' title='bbox 338 1702 600 1758; x_wconf 56' lang='lat' dir='ltr'>mmmm</span> <span class='ocrx_word' id='word_1_142' title='bbox 620 1704 781 1756; x_wconf 87' lang='grc' dir='ltr'>ὀλίγων</span> <span class='ocrx_word' id='word_1_143' title='bbox 803 1705 950 1757; x_wconf 87' lang='grc' dir='ltr'>ἄρχειν</span> <span class='ocrx_word' id='word_1_144' title='bbox 972 1708 1048 1748; x_wconf 88' lang='grc' dir='ltr'>τοῦ</span> <span class='ocrx_word' id='word_1_145' title='bbox 1071 1705 1236 1747; x_wconf 80' lang='grc' dir='ltr'>ἔσπλου</span> <span class='ocrx_word' id='word_1_146' title='bbox 1255 1705 1360 1748; x_wconf 92' lang='lat' dir='ltr'>VIII</span> <span class='ocrx_word' id='word_1_147' title='bbox 1378 1705 1449 1759; x_wconf 87' lang='lat'>90,</span> <span class='ocrx_word' id='word_1_148' title='bbox 1467 1706 1508 1748; x_wconf 94' lang='lat'>4.</span> <span class='ocrx_word' id='word_1_149' title='bbox 1543 1706 1569 1747; x_wconf 93' lang='lat' dir='ltr'>I</span> <span class='ocrx_word' id='word_1_150' title='bbox 1585 1706 1656 1759; x_wconf 87' lang='lat'>36,</span> <span class='ocrx_word' id='word_1_151' title='bbox 1677 1707 1718 1748; x_wconf 79' lang='lat'>2.</span> 
     </span>
     <span class='ocr_line' id='line_1_32' title="bbox 377 1775 1720 1837; baseline -0.001 -17.062"><span class='ocrx_word' id='word_1_152' title='bbox 377 1776 441 1837; x_wconf 14' lang='lat'>*3</span> <span class='ocrx_word' id='word_1_153' title='bbox 502 1775 600 1820; x_wconf 88' lang='lat' dir='ltr'>Huc</span> <span class='ocrx_word' id='word_1_154' title='bbox 645 1776 870 1819; x_wconf 85' lang='lat' dir='ltr'>referenda</span> <span class='ocrx_word' id='word_1_155' title='bbox 909 1790 1003 1820; x_wconf 86' lang='lat' dir='ltr'>esse</span> <span class='ocrx_word' id='word_1_156' title='bbox 1034 1781 1137 1833; x_wconf 91' lang='lat' dir='ltr'>puto</span> <span class='ocrx_word' id='word_1_157' title='bbox 1176 1777 1305 1819; x_wconf 86' lang='lat' dir='ltr'>etiam</span> <span class='ocrx_word' id='word_1_158' title='bbox 1337 1777 1380 1819; x_wconf 93' lang='lat' dir='ltr'>II</span> <span class='ocrx_word' id='word_1_159' title='bbox 1410 1777 1484 1832; x_wconf 86' lang='lat'>49,</span> <span class='ocrx_word' id='word_1_160' title='bbox 1502 1777 1530 1819; x_wconf 96' lang='lat'>5</span> <span class='ocrx_word' id='word_1_161' title='bbox 1562 1781 1605 1820; x_wconf 90' lang='lat' dir='ltr'>et</span> <span class='ocrx_word' id='word_1_162' title='bbox 1637 1777 1720 1820; x_wconf 93' lang='lat' dir='ltr'>VII</span> 
     </span>
     <span class='ocr_line' id='line_1_33' title="bbox 304 1847 938 1905; baseline -0.002 -13"><span class='ocrx_word' id='word_1_163' title='bbox 304 1854 325 1861; x_wconf 69' lang='grc'><em>“</em></span> <span class='ocrx_word' id='word_1_164' title='bbox 359 1847 520 1904; x_wconf 62' lang='lat' dir='ltr'>quihus</span> <span class='ocrx_word' id='word_1_165' title='bbox 551 1862 594 1892; x_wconf 88' lang='lat' dir='ltr'>v.</span> <span class='ocrx_word' id='word_1_166' title='bbox 626 1862 668 1905; x_wconf 92' lang='lat' dir='ltr'>p.</span> <span class='ocrx_word' id='word_1_167' title='bbox 700 1848 758 1891; x_wconf 89' lang='lat'>58</span> <span class='ocrx_word' id='word_1_168' title='bbox 792 1853 835 1891; x_wconf 92' lang='lat' dir='ltr'>et</span> <span class='ocrx_word' id='word_1_169' title='bbox 866 1848 938 1891; x_wconf 79' lang='lat'>53.</span> 
     </span>
    </p>

    <p class='ocr_par' dir='ltr' id='par_1_9' title="bbox 99 1919 1725 2837">
     <span class='ocr_line' id='line_1_34' title="bbox 371 1919 1718 1976; baseline 0 -14"><span class='ocrx_word' id='word_1_170' title='bbox 371 1935 443 1964; x_wconf 50' lang='grc' dir='ltr'>κει-ε’</span> <span class='ocrx_word' id='word_1_171' title='bbox 471 1919 684 1964; x_wconf 77' lang='lat' dir='ltr'>:infinitivo</span> <span class='ocrx_word' id='word_1_172' title='bbox 706 1933 759 1964; x_wconf 89' lang='lat' dir='ltr'>ea</span> <span class='ocrx_word' id='word_1_173' title='bbox 780 1920 847 1963; x_wconf 86' lang='lat' dir='ltr'>vis</span> <span class='ocrx_word' id='word_1_174' title='bbox 868 1921 992 1975; x_wconf 89' lang='lat' dir='ltr'>inest,</span> <span class='ocrx_word' id='word_1_175' title='bbox 1020 1925 1068 1963; x_wconf 93' lang='lat' dir='ltr'>ut</span> <span class='ocrx_word' id='word_1_176' title='bbox 1088 1933 1191 1975; x_wconf 82' lang='lat' dir='ltr'>rem,</span> <span class='ocrx_word' id='word_1_177' title='bbox 1215 1934 1324 1975; x_wconf 89' lang='lat' dir='ltr'>quae</span> <span class='ocrx_word' id='word_1_178' title='bbox 1347 1921 1547 1974; x_wconf 75' lang='lat' dir='ltr'>consequi</span> <span class='ocrx_word' id='word_1_179' title='bbox 1570 1921 1718 1976; x_wconf 83' lang='lat' dir='ltr'>possit,</span> 
     </span>
     <span class='ocr_line' id='line_1_35' title="bbox 367 1990 1721 2047; baseline -0.002 -10"><span class='ocrx_word' id='word_1_180' title='bbox 367 1990 536 2041; x_wconf 31' lang='lat' dir='ltr'>§dacae</span> <span class='ocrx_word' id='word_1_181' title='bbox 566 1992 842 2047; x_wconf 84' lang='lat' dir='ltr'>intellegitur,</span> <span class='ocrx_word' id='word_1_182' title='bbox 876 2005 950 2036; x_wconf 89' lang='lat' dir='ltr'>cur</span> <span class='ocrx_word' id='word_1_183' title='bbox 982 1997 1070 2035; x_wconf 85' lang='lat' dir='ltr'>tam</span> <span class='ocrx_word' id='word_1_184' title='bbox 1102 2006 1198 2035; x_wconf 81' lang='lat' dir='ltr'>raro</span> <span class='ocrx_word' id='word_1_185' title='bbox 1229 1993 1405 2035; x_wconf 85' lang='lat' dir='ltr'>verbum</span> <span class='ocrx_word' id='word_1_186' title='bbox 1438 1992 1648 2035; x_wconf 80' lang='grc' dir='ltr'>δύνασθαι</span> <span class='ocrx_word' id='word_1_187' title='bbox 1678 1993 1721 2035; x_wconf 89' lang='lat' dir='ltr'>in</span> 
     </span>
     <span class='ocr_line' id='line_1_36' title="bbox 298 2063 1721 2120; baseline -0.001 -13"><span class='ocrx_word' id='word_1_188' title='bbox 298 2087 300 2093; x_wconf 46' lang='grc' dir='ltr'>ι</span> <span class='ocrx_word' id='word_1_189' title='bbox 336 2063 474 2114; x_wconf 49' lang='lat' dir='ltr'>munh</span> <span class='ocrx_word' id='word_1_190' title='bbox 516 2063 632 2107; x_wconf 87' lang='grc' dir='ltr'>ὥστε</span> <span class='ocrx_word' id='word_1_191' title='bbox 671 2063 957 2120; x_wconf 80' lang='lat' dir='ltr'>pendentibus</span> <span class='ocrx_word' id='word_1_192' title='bbox 989 2070 1197 2108; x_wconf 74' lang='lat' dir='ltr'>occurrat.</span> <span class='ocrx_word' id='word_1_193' title='bbox 1260 2064 1371 2108; x_wconf 85' lang='lat' dir='ltr'>Nam</span> <span class='ocrx_word' id='word_1_194' title='bbox 1403 2063 1518 2120; x_wconf 85' lang='lat' dir='ltr'>apud</span> <span class='ocrx_word' id='word_1_195' title='bbox 1551 2063 1721 2120; x_wconf 87' lang='lat' dir='ltr'>Thucy-</span> 
     </span>
     <span class='ocr_line' id='line_1_37' title="bbox 296 2134 1722 2191; baseline -0.002 -11"><span class='ocrx_word' id='word_1_196' title='bbox 296 2150 369 2180; x_wconf 50' lang='lat' dir='ltr'>{w</span> <span class='ocrx_word' id='word_1_197' title='bbox 408 2148 497 2181; x_wconf 74' lang='lat' dir='ltr'>em</span> <span class='ocrx_word' id='word_1_198' title='bbox 527 2148 613 2179; x_wconf 90' lang='lat' dir='ltr'>uno</span> <span class='ocrx_word' id='word_1_199' title='bbox 652 2136 748 2179; x_wconf 92' lang='lat' dir='ltr'>loco</span> <span class='ocrx_word' id='word_1_200' title='bbox 785 2135 868 2179; x_wconf 91' lang='lat' dir='ltr'>hoc</span> <span class='ocrx_word' id='word_1_201' title='bbox 906 2136 1082 2179; x_wconf 87' lang='lat' dir='ltr'>verbum</span> <span class='ocrx_word' id='word_1_202' title='bbox 1114 2136 1344 2179; x_wconf 86' lang='lat' dir='ltr'>invenitur:</span> <span class='ocrx_word' id='word_1_203' title='bbox 1378 2140 1428 2191; x_wconf 84' lang='grc' dir='ltr'>τῇ</span> <span class='ocrx_word' id='word_1_204' title='bbox 1461 2135 1566 2191; x_wconf 87' lang='grc' dir='ltr'>ὀργῇ</span> <span class='ocrx_word' id='word_1_205' title='bbox 1607 2134 1722 2178; x_wconf 87' lang='grc' dir='ltr'>οὕτω</span> 
     </span>
     <span class='ocr_line' id='line_1_38' title="bbox 339 2197 1722 2261; baseline -0.001 -10.037"><span class='ocrx_word' id='word_1_206' title='bbox 339 2197 341 2199; x_wconf 39' lang='grc'><strong>’</strong></span> <span class='ocrx_word' id='word_1_207' title='bbox 390 2210 501 2261; x_wconf 61' lang='grc' dir='ltr'>,ιῆτο</span> <span class='ocrx_word' id='word_1_208' title='bbox 531 2208 577 2260; x_wconf 85' lang='grc' dir='ltr'>ἐς</span> <span class='ocrx_word' id='word_1_209' title='bbox 609 2208 775 2260; x_wconf 87' lang='grc' dir='ltr'>πάντας</span> <span class='ocrx_word' id='word_1_210' title='bbox 806 2208 966 2260; x_wconf 88' lang='grc' dir='ltr'>ὁμοίως</span> <span class='ocrx_word' id='word_1_211' title='bbox 989 2207 1103 2250; x_wconf 91' lang='grc' dir='ltr'>ὥστε</span> <span class='ocrx_word' id='word_1_212' title='bbox 1125 2208 1286 2259; x_wconf 83' lang='grc' dir='ltr'>μηδένα</span> <span class='ocrx_word' id='word_1_213' title='bbox 1308 2207 1518 2250; x_wconf 81' lang='grc' dir='ltr'>δύνασθαι</span> <span class='ocrx_word' id='word_1_214' title='bbox 1550 2207 1722 2258; x_wconf 89' lang='grc' dir='ltr'>προσιέ-</span> 
     </span>
     <span class='ocr_line' id='line_1_39' title="bbox 239 2277 1721 2336; baseline -0.002 -12.867"><span class='ocrx_word' id='word_1_215' title='bbox 239 2278 414 2336; x_wconf 66' lang='lat' dir='ltr'>mo,</span> <span class='ocrx_word' id='word_1_216' title='bbox 427 2279 479 2335; x_wconf 75' lang='grc'>2,</span> <span class='ocrx_word' id='word_1_217' title='bbox 526 2279 600 2323; x_wconf 92' lang='lat' dir='ltr'>ubi</span> <span class='ocrx_word' id='word_1_218' title='bbox 632 2280 764 2323; x_wconf 82' lang='lat' dir='ltr'>verba</span> <span class='ocrx_word' id='word_1_219' title='bbox 790 2279 904 2322; x_wconf 88' lang='grc' dir='ltr'>ὥστε</span> <span class='ocrx_word' id='word_1_220' title='bbox 937 2279 1098 2331; x_wconf 85' lang='grc' dir='ltr'>μηδένα</span> <span class='ocrx_word' id='word_1_221' title='bbox 1119 2279 1330 2322; x_wconf 83' lang='grc' dir='ltr'>δύνασθαι</span> <span class='ocrx_word' id='word_1_222' title='bbox 1351 2279 1576 2331; x_wconf 84' lang='grc' dir='ltr'>προσιέναι</span> <span class='ocrx_word' id='word_1_223' title='bbox 1609 2277 1721 2320; x_wconf 86' lang='lat' dir='ltr'>idem</span> 
     </span>
     <span class='ocr_line' id='line_1_40' title="bbox 101 2349 1722 2414; baseline -0.005 -15"><span class='ocrx_word' id='word_1_224' title='bbox 101 2397 104 2399; x_wconf 76' lang='grc'>,</span> <span class='ocrx_word' id='word_1_225' title='bbox 127 2381 132 2389; x_wconf 89' lang='lat'><strong>·</strong></span> <span class='ocrx_word' id='word_1_226' title='bbox 151 2388 210 2414; x_wconf 62' lang='lat'>·-„-</span> <span class='ocrx_word' id='word_1_227' title='bbox 272 2354 458 2408; x_wconf 58' lang='lat' dir='ltr'>..tq-uc</span> <span class='ocrx_word' id='word_1_228' title='bbox 486 2350 601 2395; x_wconf 88' lang='grc' dir='ltr'>ὥστε</span> <span class='ocrx_word' id='word_1_229' title='bbox 627 2353 775 2404; x_wconf 85' lang='grc' dir='ltr'>μηδενὶ</span> <span class='ocrx_word' id='word_1_230' title='bbox 796 2352 998 2395; x_wconf 86' lang='grc' dir='ltr'>ἐξουσίαν</span> <span class='ocrx_word' id='word_1_231' title='bbox 1021 2350 1128 2394; x_wconf 84' lang='grc' dir='ltr'>εἶναι</span> <span class='ocrx_word' id='word_1_232' title='bbox 1151 2351 1388 2403; x_wconf 83' lang='grc' dir='ltr'>προσιέναι.</span> <span class='ocrx_word' id='word_1_233' title='bbox 1441 2349 1564 2401; x_wconf 84' lang='lat' dir='ltr'>Quod</span> <span class='ocrx_word' id='word_1_234' title='bbox 1583 2363 1722 2392; x_wconf 83' lang='lat' dir='ltr'>exem-</span> 
     </span>
     <span class='ocr_line' id='line_1_41' title="bbox 99 2420 1721 2482; baseline -0.004 -12"><span class='ocrx_word' id='word_1_235' title='bbox 99 2469 108 2482; x_wconf 63' lang='lat'>,</span> <span class='ocrx_word' id='word_1_236' title='bbox 152 2419 353 2472; x_wconf 70' lang='lat'>60</span> <span class='ocrx_word' id='word_1_237' title='bbox 372 2423 520 2480; x_wconf 68' lang='lat' dir='ltr'>vm&#39;ug&#39;ins</span> <span class='ocrx_word' id='word_1_238' title='bbox 549 2423 766 2479; x_wconf 86' lang='lat' dir='ltr'>singulare</span> <span class='ocrx_word' id='word_1_239' title='bbox 799 2429 876 2477; x_wconf 90' lang='lat' dir='ltr'>est,</span> <span class='ocrx_word' id='word_1_240' title='bbox 911 2422 1025 2477; x_wconf 88' lang='lat' dir='ltr'>quod</span> <span class='ocrx_word' id='word_1_241' title='bbox 1056 2423 1171 2465; x_wconf 91' lang='lat' dir='ltr'>nullo</span> <span class='ocrx_word' id='word_1_242' title='bbox 1203 2422 1288 2464; x_wconf 88' lang='lat' dir='ltr'>alio</span> <span class='ocrx_word' id='word_1_243' title='bbox 1320 2422 1414 2464; x_wconf 89' lang='lat' dir='ltr'>loco</span> <span class='ocrx_word' id='word_1_244' title='bbox 1438 2420 1721 2477; x_wconf 78' lang='lat' dir='ltr'>Thucydideo</span> 
     </span>
     <span class='ocr_line' id='line_1_42' title="bbox 136 2487 1723 2548; baseline -0.004 -7"><span class='ocrx_word' id='word_1_245' title='bbox 136 2487 151 2501; x_wconf 61' lang='lat'><em>¹</em></span> <span class='ocrx_word' id='word_1_246' title='bbox 357 2516 388 2534; x_wconf 68' lang='lat'>-2-·</span> <span class='ocrx_word' id='word_1_247' title='bbox 411 2494 811 2539; x_wconf 75' lang='lat' dir='ltr'>demonsttativum</span> <span class='ocrx_word' id='word_1_248' title='bbox 844 2493 1077 2548; x_wconf 86' lang='lat' dir='ltr'>antecedit,</span> <span class='ocrx_word' id='word_1_249' title='bbox 1124 2494 1197 2536; x_wconf 92' lang='lat' dir='ltr'>ubi</span> <span class='ocrx_word' id='word_1_250' title='bbox 1231 2493 1284 2536; x_wconf 89' lang='lat' dir='ltr'>de</span> <span class='ocrx_word' id='word_1_251' title='bbox 1325 2507 1370 2536; x_wconf 86' lang='lat' dir='ltr'>re</span> <span class='ocrx_word' id='word_1_252' title='bbox 1409 2493 1564 2548; x_wconf 84' lang='lat' dir='ltr'>agitur,</span> <span class='ocrx_word' id='word_1_253' title='bbox 1613 2505 1723 2547; x_wconf 86' lang='lat' dir='ltr'>quae</span> 
     </span>
     <span class='ocr_line' id='line_1_43' title="bbox 283 2564 1722 2622; baseline -0.005 -9.32"><span class='ocrx_word' id='word_1_254' title='bbox 283 2614 287 2619; x_wconf 59' lang='grc'>,</span> <span class='ocrx_word' id='word_1_255' title='bbox 318 2567 605 2622; x_wconf 60' lang='lat' dir='ltr'>*consequitur</span> <span class='ocrx_word' id='word_1_256' title='bbox 635 2567 704 2610; x_wconf 89' lang='lat' dir='ltr'>vel</span> <span class='ocrx_word' id='word_1_257' title='bbox 738 2571 968 2610; x_wconf 85' lang='lat' dir='ltr'>consecuta</span> <span class='ocrx_word' id='word_1_258' title='bbox 1000 2571 1065 2608; x_wconf 84' lang='lat' dir='ltr'>cst</span> <span class='ocrx_word' id='word_1_259' title='bbox 1095 2591 1154 2596; x_wconf 97' lang='lat'>—</span> <span class='ocrx_word' id='word_1_260' title='bbox 1192 2579 1291 2608; x_wconf 82' lang='lat' dir='ltr'>nam</span> <span class='ocrx_word' id='word_1_261' title='bbox 1338 2565 1546 2609; x_wconf 87' lang='lat' dir='ltr'>infinitivo</span> <span class='ocrx_word' id='word_1_262' title='bbox 1595 2564 1722 2606; x_wconf 81' lang='grc' dir='ltr'>δύνα-</span> 
     </span>
     <span class='ocr_line' id='line_1_44' title="bbox 222 2635 1723 2697; baseline -0.005 -12.532"><span class='ocrx_word' id='word_1_263' title='bbox 222 2635 625 2697; x_wconf 44' lang='grc' dir='ltr'>”“ᾗ;.«οωθοιιίὶοιιοιῐι</span> <span class='ocrx_word' id='word_1_264' title='bbox 657 2639 702 2682; x_wconf 90' lang='lat' dir='ltr'>in</span> <span class='ocrx_word' id='word_1_265' title='bbox 733 2638 848 2682; x_wconf 86' lang='lat' dir='ltr'>facto</span> <span class='ocrx_word' id='word_1_266' title='bbox 875 2638 1057 2694; x_wconf 86' lang='lat' dir='ltr'>positam</span> <span class='ocrx_word' id='word_1_267' title='bbox 1080 2636 1262 2693; x_wconf 87' lang='lat' dir='ltr'>exprimi</span> <span class='ocrx_word' id='word_1_268' title='bbox 1284 2641 1477 2693; x_wconf 87' lang='lat' dir='ltr'>apparet.</span> <span class='ocrx_word' id='word_1_269' title='bbox 1541 2636 1723 2692; x_wconf 85' lang='lat' dir='ltr'>Saepius</span> 
     </span>
     <span class='ocr_line' id='line_1_45' title="bbox 317 2707 1723 2767; baseline -0.004 -12.728"><span class='ocrx_word' id='word_1_270' title='bbox 317 2723 422 2755; x_wconf 60' lang='lat' dir='ltr'>mon</span> <span class='ocrx_word' id='word_1_271' title='bbox 464 2709 700 2767; x_wconf 84' lang='lat' dir='ltr'>praemisso</span> <span class='ocrx_word' id='word_1_272' title='bbox 747 2709 998 2766; x_wconf 86' lang='lat' dir='ltr'>pronomine</span> <span class='ocrx_word' id='word_1_273' title='bbox 1045 2709 1111 2752; x_wconf 90' lang='lat' dir='ltr'>vel</span> <span class='ocrx_word' id='word_1_274' title='bbox 1155 2708 1359 2751; x_wconf 85' lang='lat' dir='ltr'>adverbio</span> <span class='ocrx_word' id='word_1_275' title='bbox 1390 2707 1723 2750; x_wconf 83' lang='lat' dir='ltr'>demonstrativo</span> 
     </span>
     <span class='ocr_line' id='line_1_46' title="bbox 236 2779 1725 2837; baseline -0.004 -10.032"><span class='ocrx_word' id='word_1_276' title='bbox 236 2782 370 2837; x_wconf 49' lang='lat' dir='ltr'>:am</span> <span class='ocrx_word' id='word_1_277' title='bbox 414 2781 624 2827; x_wconf 82' lang='lat' dir='ltr'>infinitivo</span> <span class='ocrx_word' id='word_1_278' title='bbox 671 2782 794 2824; x_wconf 89' lang='lat' dir='ltr'>inest.</span> <span class='ocrx_word' id='word_1_279' title='bbox 873 2781 993 2832; x_wconf 81' lang='lat' dir='ltr'>Quae</span> <span class='ocrx_word' id='word_1_280' title='bbox 1041 2780 1239 2837; x_wconf 84' lang='lat' dir='ltr'>exempla</span> <span class='ocrx_word' id='word_1_281' title='bbox 1288 2780 1350 2822; x_wconf 89' lang='lat' dir='ltr'>ita</span> <span class='ocrx_word' id='word_1_282' title='bbox 1397 2779 1630 2834; x_wconf 85' lang='lat' dir='ltr'>seiungam,</span> <span class='ocrx_word' id='word_1_283' title='bbox 1678 2782 1725 2820; x_wconf 86' lang='lat' dir='ltr'>ut</span> 
     </span>
    </p>
   </div>
   <div class='ocr_carea' id='block_1_8' title="bbox 106 2899 1725 3048">
    <p class='ocr_par' dir='ltr' id='par_1_10' title="bbox 101 2899 1725 3057">
     <span class='ocr_line' id='line_1_47' title="bbox 106 2899 1725 2983; baseline -0.006 -10.031"><span class='ocrx_word' id='word_1_284' title='bbox 106 2899 142 2915; x_wconf 32' lang='grc' dir='ltr'><em>ὦ</em></span> <span class='ocrx_word' id='word_1_285' title='bbox 204 2923 512 2983; x_wconf 52' lang='lat' dir='ltr'>wwx&#39;priore</span> <span class='ocrx_word' id='word_1_286' title='bbox 533 2926 629 2970; x_wconf 91' lang='lat' dir='ltr'>loco</span> <span class='ocrx_word' id='word_1_287' title='bbox 653 2939 719 2980; x_wconf 82' lang='lat' dir='ltr'>ea,</span> <span class='ocrx_word' id='word_1_288' title='bbox 742 2925 786 2968; x_wconf 91' lang='lat' dir='ltr'>in</span> <span class='ocrx_word' id='word_1_289' title='bbox 808 2925 963 2980; x_wconf 89' lang='lat' dir='ltr'>quibus</span> <span class='ocrx_word' id='word_1_290' title='bbox 984 2924 1228 2967; x_wconf 80' lang='lat' dir='ltr'>consecutio</span> <span class='ocrx_word' id='word_1_291' title='bbox 1250 2923 1441 2977; x_wconf 83' lang='lat' dir='ltr'>sequitur</span> <span class='ocrx_word' id='word_1_292' title='bbox 1461 2922 1725 2975; x_wconf 84' lang='lat' dir='ltr'>sententiam,</span> 
     </span>
     <span class='ocr_line' id='line_1_48' title="bbox 247 2992 1724 3048; baseline -0.005 -6.102"><span class='ocrx_word' id='word_1_293' title='bbox 247 3030 253 3032; x_wconf 89' lang='lat'>--</span> <span class='ocrx_word' id='word_1_294' title='bbox 288 3011 376 3042; x_wconf 83' lang='lat' dir='ltr'>non</span> <span class='ocrx_word' id='word_1_295' title='bbox 406 3001 473 3042; x_wconf 76' lang='lat' dir='ltr'>est</span> <span class='ocrx_word' id='word_1_296' title='bbox 502 2998 567 3041; x_wconf 86' lang='lat' dir='ltr'>sui</span> <span class='ocrx_word' id='word_1_297' title='bbox 598 2997 722 3040; x_wconf 90' lang='lat' dir='ltr'>iuris:</span> <span class='ocrx_word' id='word_1_298' title='bbox 757 2996 797 3040; x_wconf 78' lang='grc' dir='ltr'>οἱ</span> <span class='ocrx_word' id='word_1_299' title='bbox 823 2996 1176 3048; x_wconf 87' lang='grc' dir='ltr'>Πελοποννήσιοι</span> <span class='ocrx_word' id='word_1_300' title='bbox 1207 2993 1634 3046; x_wconf 85' lang='grc' dir='ltr'>προσπληρώσαντες</span> <span class='ocrx_word' id='word_1_301' title='bbox 1664 2992 1724 3035; x_wconf 83' lang='grc' dir='ltr'>ἔτι</span> 
     </span>
    </p>
   </div>
  </div>
 </body>
</html>
