<?xml version="1.0" encoding="UTF-8"?>
<!DOCTYPE html PUBLIC "-//W3C//DTD XHTML 1.0 Transitional//EN"
    "http://www.w3.org/TR/xhtml1/DTD/xhtml1-transitional.dtd">
<html xmlns="http://www.w3.org/1999/xhtml" xml:lang="en" lang="en">
 <head>
  <title>
</title>
<meta http-equiv="Content-Type" content="text/html;charset=utf-8" />
  <meta name='ocr-system' content='tesseract 3.04.00' />
  <meta name='ocr-capabilities' content='ocr_page ocr_carea ocr_par ocr_line ocrx_word'/>
</head>
<body>
  <div class='ocr_page' id='page_1' title='image "./dehosteparticula00wehmuoft_0053.png"; bbox 0 0 2034 3458; ppageno 0'>
   <div class='ocr_carea' id='block_1_1' title="bbox 810 280 1041 329">
    <p class='ocr_par' dir='ltr' id='par_1_1' title="bbox 810 280 1041 329">
     <span class='ocr_line' id='line_1_1' title="bbox 810 280 1041 329; baseline 0.009 -13"><span class='ocrx_word' id='word_1_1' title='bbox 810 311 850 317; x_wconf 68' lang='grc'>,-</span> <span class='ocrx_word' id='word_1_2' title='bbox 903 280 948 329; x_wconf 74' lang='lat'>45</span> <span class='ocrx_word' id='word_1_3' title='bbox 1000 314 1041 318; x_wconf 35' lang='lat' dir='ltr'>I-</span> 
     </span>
    </p>
   </div>
   <div class='ocr_carea' id='block_1_2' title="bbox 135 395 1708 543">
    <p class='ocr_par' dir='ltr' id='par_1_2' title="bbox 135 395 1708 543">
     <span class='ocr_line' id='line_1_2' title="bbox 137 395 1708 468; baseline 0.002 -12"><span class='ocrx_word' id='word_1_4' title='bbox 137 408 256 465; x_wconf 85' lang='grc' dir='ltr'>διέβη</span> <span class='ocrx_word' id='word_1_5' title='bbox 287 410 333 463; x_wconf 83' lang='grc' dir='ltr'>ἐς</span> <span class='ocrx_word' id='word_1_6' title='bbox 367 395 616 464; x_wconf 86' lang='grc' dir='ltr'>Μυτιλήνην</span> <span class='ocrx_word' id='word_1_7' title='bbox 649 414 716 454; x_wconf 81' lang='grc' dir='ltr'>καὶ</span> <span class='ocrx_word' id='word_1_8' title='bbox 749 413 893 455; x_wconf 85' lang='grc' dir='ltr'>ἔπεισε</span> <span class='ocrx_word' id='word_1_9' title='bbox 926 414 1135 467; x_wconf 85' lang='grc' dir='ltr'>Λεσβίους</span> <span class='ocrx_word' id='word_1_10' title='bbox 1169 416 1318 458; x_wconf 86' lang='grc' dir='ltr'>δοῦναί</span> <span class='ocrx_word' id='word_1_11' title='bbox 1350 417 1390 458; x_wconf 80' lang='grc' dir='ltr'>οἱ</span> <span class='ocrx_word' id='word_1_12' title='bbox 1425 417 1535 468; x_wconf 89' lang='grc' dir='ltr'>νέας.</span> <span class='ocrx_word' id='word_1_13' title='bbox 1599 418 1638 459; x_wconf 82' lang='grc' dir='ltr'>οἱ</span> <span class='ocrx_word' id='word_1_14' title='bbox 1661 416 1708 459; x_wconf 81' lang='grc' dir='ltr'>δὲ</span> 
     </span>
     <span class='ocr_line' id='line_1_3' title="bbox 135 483 1708 543; baseline 0.004 -19"><span class='ocrx_word' id='word_1_15' title='bbox 135 483 447 536; x_wconf 71' lang='grc' dir='ltr'>πληρώσαντες</span> <span class='ocrx_word' id='word_1_16' title='bbox 495 484 607 526; x_wconf 84' lang='grc' dir='ltr'>ὀκτὼ</span> <span class='ocrx_word' id='word_1_17' title='bbox 655 486 851 536; x_wconf 85' lang='grc' dir='ltr'>τριήρεας</span> <span class='ocrx_word' id='word_1_18' title='bbox 885 486 1040 528; x_wconf 80' lang='grc' dir='ltr'>ἔπλεον</span> <span class='ocrx_word' id='word_1_19' title='bbox 1073 486 1158 538; x_wconf 89' lang='grc' dir='ltr'>ἅμα</span> <span class='ocrx_word' id='word_1_20' title='bbox 1191 487 1373 543; x_wconf 84' lang='grc' dir='ltr'>Ἱστιαίῳ</span> <span class='ocrx_word' id='word_1_21' title='bbox 1407 489 1451 539; x_wconf 80' lang='grc' dir='ltr'>ἐς</span> <span class='ocrx_word' id='word_1_22' title='bbox 1477 489 1708 532; x_wconf 79' lang='grc' dir='ltr'>Βυζάντιον</span> 
     </span>
    </p>
   </div>
   <div class='ocr_carea' id='block_1_3' title="bbox 136 557 1711 615">
    <p class='ocr_par' dir='ltr' id='par_1_3' title="bbox 62 557 1711 615">
     <span class='ocr_line' id='line_1_4' title="bbox 136 557 1711 615; baseline 0.002 -15.82"><span class='ocrx_word' id='word_1_23' title='bbox 136 559 417 599; x_wconf 69' lang='grc' dir='ltr'>ῐιιονθτοιιοε</span> <span class='ocrx_word' id='word_1_24' title='bbox 448 569 532 597; x_wconf 87' lang='lat' dir='ltr'>non</span> <span class='ocrx_word' id='word_1_25' title='bbox 564 560 718 611; x_wconf 85' lang='lat' dir='ltr'>potest,</span> <span class='ocrx_word' id='word_1_26' title='bbox 752 560 796 598; x_wconf 86' lang='lat' dir='ltr'>ut</span> <span class='ocrx_word' id='word_1_27' title='bbox 829 557 1055 600; x_wconf 77' lang='lat' dir='ltr'><strong>discrimen</strong></span> <span class='ocrx_word' id='word_1_28' title='bbox 1077 563 1314 601; x_wconf 84' lang='lat' dir='ltr'>statuamus</span> <span class='ocrx_word' id='word_1_29' title='bbox 1336 559 1444 602; x_wconf 88' lang='lat' dir='ltr'>iuter</span> <span class='ocrx_word' id='word_1_30' title='bbox 1466 573 1567 615; x_wconf 89' lang='lat' dir='ltr'>rem,</span> <span class='ocrx_word' id='word_1_31' title='bbox 1602 574 1711 614; x_wconf 85' lang='lat' dir='ltr'>quae</span> 
     </span>
    </p>
   </div>
   <div class='ocr_carea' id='block_1_4' title="bbox 135 627 1720 2333">
    <p class='ocr_par' dir='ltr' id='par_1_4' title="bbox 135 627 1712 894">
     <span class='ocr_line' id='line_1_5' title="bbox 135 627 1712 687; baseline 0.002 -16"><span class='ocrx_word' id='word_1_32' title='bbox 135 640 222 671; x_wconf 85' lang='lat' dir='ltr'>non</span> <span class='ocrx_word' id='word_1_33' title='bbox 253 631 486 670; x_wconf 80' lang='lat' dir='ltr'>consecuta</span> <span class='ocrx_word' id='word_1_34' title='bbox 523 627 577 684; x_wconf 83' lang='lat' dir='ltr'>sit</span> <span class='ocrx_word' id='word_1_35' title='bbox 616 631 658 670; x_wconf 91' lang='lat' dir='ltr'>et</span> <span class='ocrx_word' id='word_1_36' title='bbox 697 642 806 682; x_wconf 86' lang='lat' dir='ltr'>quae</span> <span class='ocrx_word' id='word_1_37' title='bbox 854 634 1083 672; x_wconf 76' lang='lat' dir='ltr'>consecuta</span> <span class='ocrx_word' id='word_1_38' title='bbox 1130 630 1196 684; x_wconf 83' lang='lat' dir='ltr'>sit,</span> <span class='ocrx_word' id='word_1_39' title='bbox 1246 631 1445 684; x_wconf 86' lang='lat' dir='ltr'>quoniam</span> <span class='ocrx_word' id='word_1_40' title='bbox 1490 633 1712 687; x_wconf 86' lang='lat' dir='ltr'>permultis</span> 
     </span>
     <span class='ocr_line' id='line_1_6' title="bbox 135 697 1710 759; baseline 0.001 -15"><span class='ocrx_word' id='word_1_41' title='bbox 135 697 242 743; x_wconf 77' lang='lat' dir='ltr'>loeis</span> <span class='ocrx_word' id='word_1_42' title='bbox 278 697 487 741; x_wconf 85' lang='lat' dir='ltr'>infinitivo</span> <span class='ocrx_word' id='word_1_43' title='bbox 528 699 659 742; x_wconf 85' lang='lat' dir='ltr'>etiam</span> <span class='ocrx_word' id='word_1_44' title='bbox 691 701 925 755; x_wconf 76' lang='lat' dir='ltr'>praeniissa</span> <span class='ocrx_word' id='word_1_45' title='bbox 956 702 1167 756; x_wconf 76' lang='lat' dir='ltr'>particula</span> <span class='ocrx_word' id='word_1_46' title='bbox 1199 702 1312 744; x_wconf 88' lang='grc' dir='ltr'>ὥστε</span> <span class='ocrx_word' id='word_1_47' title='bbox 1345 716 1413 745; x_wconf 82' lang='lat' dir='ltr'>res</span> <span class='ocrx_word' id='word_1_48' title='bbox 1445 703 1710 759; x_wconf 84' lang='lat' dir='ltr'>exprimit-ur,</span> 
     </span>
     <span class='ocr_line' id='line_1_7' title="bbox 136 774 1711 829; baseline 0.001 -14"><span class='ocrx_word' id='word_1_49' title='bbox 136 783 248 826; x_wconf 76' lang='lat' dir='ltr'>quae</span> <span class='ocrx_word' id='word_1_50' title='bbox 293 783 340 813; x_wconf 89' lang='lat' dir='ltr'>re</span> <span class='ocrx_word' id='word_1_51' title='bbox 387 783 490 814; x_wconf 84' lang='lat' dir='ltr'>vera</span> <span class='ocrx_word' id='word_1_52' title='bbox 530 776 760 814; x_wconf 77' lang='lat' dir='ltr'>consecuta</span> <span class='ocrx_word' id='word_1_53' title='bbox 800 776 865 814; x_wconf 79' lang='lat' dir='ltr'>est</span> <span class='ocrx_word' id='word_1_54' title='bbox 904 786 972 814; x_wconf 83' lang='lat' dir='ltr'>ex.</span> <span class='ocrx_word' id='word_1_55' title='bbox 1006 788 1042 815; x_wconf 84' lang='lat' dir='ltr'>e.</span> <span class='ocrx_word' id='word_1_56' title='bbox 1085 774 1227 829; x_wconf 85' lang='grc' dir='ltr'>χρόνῳ</span> <span class='ocrx_word' id='word_1_57' title='bbox 1261 775 1307 815; x_wconf 79' lang='grc' dir='ltr'>δὲ</span> <span class='ocrx_word' id='word_1_58' title='bbox 1340 775 1633 826; x_wconf 86' lang='grc' dir='ltr'>κατεργάσατό</span> <span class='ocrx_word' id='word_1_59' title='bbox 1667 789 1711 816; x_wconf 89' lang='grc' dir='ltr'>τε</span> 
     </span>
     <span class='ocr_line' id='line_1_8' title="bbox 136 841 1471 894; baseline 0.002 -9"><span class='ocrx_word' id='word_1_60' title='bbox 136 843 208 886; x_wconf 78' lang='grc' dir='ltr'>καὶ</span> <span class='ocrx_word' id='word_1_61' title='bbox 236 841 439 885; x_wconf 89' lang='grc' dir='ltr'>ἀνέπεισε</span> <span class='ocrx_word' id='word_1_62' title='bbox 472 842 639 894; x_wconf 88' lang='grc' dir='ltr'>Ξέρξην</span> <span class='ocrx_word' id='word_1_63' title='bbox 673 844 787 885; x_wconf 89' lang='grc' dir='ltr'>ὥστε</span> <span class='ocrx_word' id='word_1_64' title='bbox 819 845 980 886; x_wconf 86' lang='grc' dir='ltr'>ποιέειν</span> <span class='ocrx_word' id='word_1_65' title='bbox 1013 847 1146 886; x_wconf 84' lang='grc' dir='ltr'>ταῦτα</span> <span class='ocrx_word' id='word_1_66' title='bbox 1179 845 1279 887; x_wconf 90' lang='lat' dir='ltr'>Her.</span> <span class='ocrx_word' id='word_1_67' title='bbox 1314 846 1397 888; x_wconf 89' lang='lat' dir='ltr'>VII</span> <span class='ocrx_word' id='word_1_68' title='bbox 1430 847 1471 888; x_wconf 82' lang='lat'>6.</span> 
     </span>
    </p>

    <p class='ocr_par' dir='ltr' id='par_1_5' title="bbox 138 913 1716 1257">
     <span class='ocr_line' id='line_1_9' title="bbox 281 913 1714 972; baseline 0.003 -16"><span class='ocrx_word' id='word_1_69' title='bbox 281 913 487 957; x_wconf 86' lang='lat' dir='ltr'>Infinitivi</span> <span class='ocrx_word' id='word_1_70' title='bbox 519 914 657 957; x_wconf 84' lang='lat' dir='ltr'>finalis</span> <span class='ocrx_word' id='word_1_71' title='bbox 689 919 883 971; x_wconf 82' lang='lat' dir='ltr'>tempora</span> <span class='ocrx_word' id='word_1_72' title='bbox 916 920 1013 958; x_wconf 87' lang='lat' dir='ltr'>sunt</span> <span class='ocrx_word' id='word_1_73' title='bbox 1046 930 1246 972; x_wconf 81' lang='lat' dir='ltr'>praesens</span> <span class='ocrx_word' id='word_1_74' title='bbox 1279 922 1322 959; x_wconf 89' lang='lat' dir='ltr'>et</span> <span class='ocrx_word' id='word_1_75' title='bbox 1354 917 1550 960; x_wconf 81' lang='lat' dir='ltr'>aoristus.</span> <span class='ocrx_word' id='word_1_76' title='bbox 1615 919 1714 960; x_wconf 88' lang='lat' dir='ltr'>Per-</span> 
     </span>
     <span class='ocr_line' id='line_1_10' title="bbox 138 985 1713 1044; baseline 0.003 -16"><span class='ocrx_word' id='word_1_77' title='bbox 138 985 242 1029; x_wconf 79' lang='lat' dir='ltr'>feeti</span> <span class='ocrx_word' id='word_1_78' title='bbox 289 985 543 1029; x_wconf 87' lang='lat' dir='ltr'>infinitivum</span> <span class='ocrx_word' id='word_1_79' title='bbox 590 1000 674 1029; x_wconf 89' lang='lat' dir='ltr'>non</span> <span class='ocrx_word' id='word_1_80' title='bbox 712 987 851 1029; x_wconf 82' lang='lat' dir='ltr'>locum</span> <span class='ocrx_word' id='word_1_81' title='bbox 890 987 1048 1030; x_wconf 78' lang='lat' dir='ltr'>habere</span> <span class='ocrx_word' id='word_1_82' title='bbox 1095 994 1192 1044; x_wconf 82' lang='lat' dir='ltr'>post</span> <span class='ocrx_word' id='word_1_83' title='bbox 1225 990 1356 1032; x_wconf 83' lang='lat' dir='ltr'>verba</span> <span class='ocrx_word' id='word_1_84' title='bbox 1389 989 1600 1032; x_wconf 77' lang='lat' dir='ltr'>efficiendi</span> <span class='ocrx_word' id='word_1_85' title='bbox 1631 995 1713 1032; x_wconf 84' lang='lat' dir='ltr'>ete.</span> 
     </span>
     <span class='ocr_line' id='line_1_11' title="bbox 138 1058 1714 1115; baseline 0.002 -15"><span class='ocrx_word' id='word_1_86' title='bbox 138 1061 334 1114; x_wconf 79' lang='lat' dir='ltr'>apparet.</span> <span class='ocrx_word' id='word_1_87' title='bbox 397 1058 484 1101; x_wconf 84' lang='lat' dir='ltr'>Suo</span> <span class='ocrx_word' id='word_1_88' title='bbox 516 1058 607 1100; x_wconf 88' lang='lat' dir='ltr'>iure</span> <span class='ocrx_word' id='word_1_89' title='bbox 639 1063 782 1101; x_wconf 84' lang='lat' dir='ltr'>autem</span> <span class='ocrx_word' id='word_1_90' title='bbox 815 1060 985 1114; x_wconf 78' lang='lat' dir='ltr'>ponitur</span> <span class='ocrx_word' id='word_1_91' title='bbox 1006 1064 1103 1115; x_wconf 79' lang='lat' dir='ltr'>post</span> <span class='ocrx_word' id='word_1_92' title='bbox 1125 1062 1237 1102; x_wconf 88' lang='grc' dir='ltr'>ὥστε</span> <span class='ocrx_word' id='word_1_93' title='bbox 1271 1060 1341 1103; x_wconf 84' lang='lat' dir='ltr'>‘ea</span> <span class='ocrx_word' id='word_1_94' title='bbox 1364 1060 1614 1103; x_wconf 83' lang='lat' dir='ltr'>eondieione</span> <span class='ocrx_word' id='word_1_95' title='bbox 1636 1063 1714 1115; x_wconf 90' lang='lat' dir='ltr'>ut&#39;,</span> 
     </span>
     <span class='ocr_line' id='line_1_12' title="bbox 138 1128 1716 1188; baseline 0.002 -16"><span class='ocrx_word' id='word_1_96' title='bbox 138 1129 212 1174; x_wconf 83' lang='lat' dir='ltr'>ubi</span> <span class='ocrx_word' id='word_1_97' title='bbox 245 1128 301 1173; x_wconf 89' lang='lat' dir='ltr'>de</span> <span class='ocrx_word' id='word_1_98' title='bbox 332 1142 378 1172; x_wconf 85' lang='lat' dir='ltr'>re</span> <span class='ocrx_word' id='word_1_99' title='bbox 407 1129 451 1172; x_wconf 90' lang='lat' dir='ltr'>in</span> <span class='ocrx_word' id='word_1_100' title='bbox 473 1129 615 1172; x_wconf 86' lang='lat' dir='ltr'>futuro</span> <span class='ocrx_word' id='word_1_101' title='bbox 638 1135 829 1186; x_wconf 85' lang='lat' dir='ltr'>tempore</span> <span class='ocrx_word' id='word_1_102' title='bbox 852 1135 1007 1174; x_wconf 79' lang='lat' dir='ltr'>exacta</span> <span class='ocrx_word' id='word_1_103' title='bbox 1029 1132 1184 1186; x_wconf 84' lang='lat' dir='ltr'>agitur,</span> <span class='ocrx_word' id='word_1_104' title='bbox 1218 1133 1396 1188; x_wconf 83' lang='lat' dir='ltr'>singulis</span> <span class='ocrx_word' id='word_1_105' title='bbox 1418 1133 1523 1175; x_wconf 87' lang='lat' dir='ltr'>loeis</span> <span class='ocrx_word' id='word_1_106' title='bbox 1546 1132 1716 1188; x_wconf 76' lang='lat' dir='ltr'>Thucy-</span> 
     </span>
     <span class='ocr_line' id='line_1_13' title="bbox 138 1199 733 1257; baseline 0 -13"><span class='ocrx_word' id='word_1_107' title='bbox 138 1199 282 1244; x_wconf 84' lang='lat' dir='ltr'>dideis</span> <span class='ocrx_word' id='word_1_108' title='bbox 313 1205 357 1244; x_wconf 88' lang='lat' dir='ltr'>et</span> <span class='ocrx_word' id='word_1_109' title='bbox 388 1201 733 1257; x_wconf 80' lang='lat' dir='ltr'>Xenophonteis:</span> 
     </span>
    </p>

    <p class='ocr_par' dir='ltr' id='par_1_6' title="bbox 138 1263 1718 1615">
     <span class='ocr_line' id='line_1_14' title="bbox 201 1263 1716 1329; baseline 0.003 -15"><span class='ocrx_word' id='word_1_110' title='bbox 201 1263 205 1267; x_wconf 57' lang='grc'>’</span> <span class='ocrx_word' id='word_1_111' title='bbox 282 1274 350 1315; x_wconf 87' lang='grc' dir='ltr'>καὶ</span> <span class='ocrx_word' id='word_1_112' title='bbox 374 1273 534 1324; x_wconf 85' lang='grc' dir='ltr'>αὐτοὺς</span> <span class='ocrx_word' id='word_1_113' title='bbox 559 1273 603 1324; x_wconf 82' lang='grc' dir='ltr'>ἐς</span> <span class='ocrx_word' id='word_1_114' title='bbox 629 1275 707 1325; x_wconf 88' lang='grc' dir='ltr'>τὴν</span> <span class='ocrx_word' id='word_1_115' title='bbox 732 1277 869 1325; x_wconf 85' lang='grc' dir='ltr'>νῆσον</span> <span class='ocrx_word' id='word_1_116' title='bbox 893 1275 933 1316; x_wconf 77' lang='grc' dir='ltr'>οἱ</span> <span class='ocrx_word' id='word_1_117' title='bbox 957 1276 1188 1326; x_wconf 86' lang='grc' dir='ltr'>στρατηγοὶ</span> <span class='ocrx_word' id='word_1_118' title='bbox 1211 1278 1288 1327; x_wconf 85' lang='grc' dir='ltr'>τὴν</span> <span class='ocrx_word' id='word_1_119' title='bbox 1304 1276 1498 1328; x_wconf 92' lang='grc' dir='ltr'>Πτυχίαν</span> <span class='ocrx_word' id='word_1_120' title='bbox 1518 1277 1563 1328; x_wconf 82' lang='grc' dir='ltr'>ἐς</span> <span class='ocrx_word' id='word_1_121' title='bbox 1581 1279 1716 1329; x_wconf 91' lang='grc' dir='ltr'>φυλα-</span> 
     </span>
     <span class='ocr_line' id='line_1_15' title="bbox 138 1345 1714 1400; baseline 0.002 -13"><span class='ocrx_word' id='word_1_122' title='bbox 138 1345 218 1396; x_wconf 85' lang='grc' dir='ltr'>κὴν</span> <span class='ocrx_word' id='word_1_123' title='bbox 250 1345 498 1396; x_wconf 83' lang='grc' dir='ltr'>διεκόμισαν</span> <span class='ocrx_word' id='word_1_124' title='bbox 523 1345 845 1397; x_wconf 81' lang='grc' dir='ltr'>ὑποσπόνδους,</span> <span class='ocrx_word' id='word_1_125' title='bbox 872 1347 990 1398; x_wconf 88' lang='grc' dir='ltr'>μέχρι</span> <span class='ocrx_word' id='word_1_126' title='bbox 1013 1346 1064 1388; x_wconf 83' lang='grc' dir='ltr'>οὗ</span> <span class='ocrx_word' id='word_1_127' title='bbox 1084 1346 1284 1398; x_wconf 84' lang='grc' dir='ltr'>Ἀθήναζε</span> <span class='ocrx_word' id='word_1_128' title='bbox 1306 1351 1576 1400; x_wconf 86' lang='grc' dir='ltr'>πεμφθῶσιν,</span> <span class='ocrx_word' id='word_1_129' title='bbox 1610 1347 1714 1390; x_wconf 78' lang='grc' dir='ltr'>ὥστ’</span> 
     </span>
     <span class='ocr_line' id='line_1_16' title="bbox 139 1415 1718 1472; baseline 0.003 -14"><span class='ocrx_word' id='word_1_130' title='bbox 139 1416 216 1459; x_wconf 84' lang='grc' dir='ltr'>ἐὰν</span> <span class='ocrx_word' id='word_1_131' title='bbox 248 1415 314 1468; x_wconf 88' lang='grc' dir='ltr'>εἷς</span> <span class='ocrx_word' id='word_1_132' title='bbox 346 1430 411 1468; x_wconf 87' lang='grc' dir='ltr'>τις</span> <span class='ocrx_word' id='word_1_133' title='bbox 444 1416 536 1472; x_wconf 82' lang='grc' dir='ltr'>ἁλῷ</span> <span class='ocrx_word' id='word_1_134' title='bbox 574 1417 919 1469; x_wconf 78' lang='grc' dir='ltr'>ἀποδιδράσκων,</span> <span class='ocrx_word' id='word_1_135' title='bbox 968 1418 1103 1460; x_wconf 87' lang='grc' dir='ltr'>ἅπασι</span> <span class='ocrx_word' id='word_1_136' title='bbox 1152 1419 1354 1461; x_wconf 86' lang='grc' dir='ltr'>λελύσθαι</span> <span class='ocrx_word' id='word_1_137' title='bbox 1394 1420 1718 1471; x_wconf 88' lang='grc' dir='ltr'>τὰς.σπονδάς.</span> 
     </span>
     <span class='ocr_line' id='line_1_17' title="bbox 140 1487 1716 1543; baseline 0.002 -13"><span class='ocrx_word' id='word_1_138' title='bbox 140 1487 416 1541; x_wconf 88' lang='lat' dir='ltr'>(Monendum</span> <span class='ocrx_word' id='word_1_139' title='bbox 457 1493 599 1531; x_wconf 86' lang='lat' dir='ltr'>tamen</span> <span class='ocrx_word' id='word_1_140' title='bbox 639 1493 703 1531; x_wconf 79' lang='lat' dir='ltr'>est</span> <span class='ocrx_word' id='word_1_141' title='bbox 743 1489 785 1530; x_wconf 90' lang='lat' dir='ltr'>in</span> <span class='ocrx_word' id='word_1_142' title='bbox 825 1489 1044 1532; x_wconf 78' lang='lat' dir='ltr'>codicibus</span> <span class='ocrx_word' id='word_1_143' title='bbox 1076 1490 1150 1531; x_wconf 86' lang='lat' dir='ltr'>AB</span> <span class='ocrx_word' id='word_1_144' title='bbox 1207 1491 1338 1533; x_wconf 84' lang='lat' dir='ltr'>verba</span> <span class='ocrx_word' id='word_1_145' title='bbox 1385 1491 1716 1543; x_wconf 89' lang='grc' dir='ltr'>ὥστε-σπονδάς</span> 
     </span>
     <span class='ocr_line' id='line_1_18' title="bbox 141 1558 771 1615; baseline 0 -13"><span class='ocrx_word' id='word_1_146' title='bbox 141 1558 323 1614; x_wconf 79' lang='lat' dir='ltr'>deesse.)</span> <span class='ocrx_word' id='word_1_147' title='bbox 371 1559 508 1603; x_wconf 85' lang='lat' dir='ltr'>Thue.</span> <span class='ocrx_word' id='word_1_148' title='bbox 541 1560 603 1603; x_wconf 94' lang='lat' dir='ltr'>IV</span> <span class='ocrx_word' id='word_1_149' title='bbox 634 1561 706 1615; x_wconf 84' lang='lat'>46,</span> <span class='ocrx_word' id='word_1_150' title='bbox 730 1562 771 1602; x_wconf 78' lang='lat'>3.</span> 
     </span>
    </p>

    <p class='ocr_par' dir='ltr' id='par_1_7' title="bbox 141 1631 1717 1838">
     <span class='ocr_line' id='line_1_19' title="bbox 283 1631 1714 1687; baseline 0.001 -13"><span class='ocrx_word' id='word_1_151' title='bbox 283 1631 462 1674; x_wconf 88' lang='grc' dir='ltr'>Ἔπειτα</span> <span class='ocrx_word' id='word_1_152' title='bbox 494 1632 573 1674; x_wconf 86' lang='grc' dir='ltr'>οὐκ</span> <span class='ocrx_word' id='word_1_153' title='bbox 605 1632 658 1674; x_wconf 86' lang='grc' dir='ltr'>ἂν</span> <span class='ocrx_word' id='word_1_154' title='bbox 690 1633 835 1684; x_wconf 89' lang='grc' dir='ltr'>πρίαιό</span> <span class='ocrx_word' id='word_1_155' title='bbox 868 1647 915 1684; x_wconf 89' lang='grc' dir='ltr'>γε</span> <span class='ocrx_word' id='word_1_156' title='bbox 948 1634 1205 1685; x_wconf 88' lang='grc' dir='ltr'>παμπόλλου</span> <span class='ocrx_word' id='word_1_157' title='bbox 1235 1634 1347 1676; x_wconf 88' lang='grc' dir='ltr'>ὥστε</span> <span class='ocrx_word' id='word_1_158' title='bbox 1370 1636 1441 1676; x_wconf 88' lang='grc' dir='ltr'>σοὶ</span> <span class='ocrx_word' id='word_1_159' title='bbox 1463 1633 1580 1676; x_wconf 83' lang='grc' dir='ltr'>ταῦτ’</span> <span class='ocrx_word' id='word_1_160' title='bbox 1605 1635 1714 1687; x_wconf 90' lang='grc' dir='ltr'>εἰρῆ-</span> 
     </span>
     <span class='ocr_line' id='line_1_20' title="bbox 141 1703 1717 1760; baseline 0.001 -14"><span class='ocrx_word' id='word_1_161' title='bbox 141 1706 254 1754; x_wconf 86' lang='grc' dir='ltr'>σθαι,</span> <span class='ocrx_word' id='word_1_162' title='bbox 300 1705 368 1746; x_wconf 85' lang='grc' dir='ltr'>καὶ</span> <span class='ocrx_word' id='word_1_163' title='bbox 417 1703 736 1756; x_wconf 86' lang='grc' dir='ltr'>ἀπαγγελθῆναι</span> <span class='ocrx_word' id='word_1_164' title='bbox 786 1703 885 1756; x_wconf 83' lang='grc' dir='ltr'>παρ’</span> <span class='ocrx_word' id='word_1_165' title='bbox 920 1706 944 1760; x_wconf 82' lang='grc' dir='ltr'>ᾖ</span> <span class='ocrx_word' id='word_1_166' title='bbox 979 1706 1216 1757; x_wconf 85' lang='grc' dir='ltr'>εὐδοκιμεῖν</span> <span class='ocrx_word' id='word_1_167' title='bbox 1252 1706 1393 1758; x_wconf 82' lang='grc' dir='ltr'>βούλει</span> <span class='ocrx_word' id='word_1_168' title='bbox 1442 1706 1506 1748; x_wconf 92' lang='grc' dir='ltr'>ὅτι</span> <span class='ocrx_word' id='word_1_169' title='bbox 1539 1706 1717 1758; x_wconf 88' lang='grc' dir='ltr'>ἀστεῖος</span> 
     </span>
     <span class='ocr_line' id='line_1_21' title="bbox 143 1775 786 1838; baseline 0 -19"><span class='ocrx_word' id='word_1_170' title='bbox 143 1775 199 1828; x_wconf 72' lang='grc' dir='ltr'>εἷς</span> <span class='ocrx_word' id='word_1_171' title='bbox 230 1776 342 1819; x_wconf 90' lang='lat' dir='ltr'>Xen.</span> <span class='ocrx_word' id='word_1_172' title='bbox 376 1775 476 1838; x_wconf 69' lang='lat' dir='ltr'>Gyr.</span> <span class='ocrx_word' id='word_1_173' title='bbox 510 1777 618 1820; x_wconf 85' lang='lat' dir='ltr'>VIII</span> <span class='ocrx_word' id='word_1_174' title='bbox 650 1778 692 1831; x_wconf 91' lang='lat'>4,</span> <span class='ocrx_word' id='word_1_175' title='bbox 716 1778 786 1819; x_wconf 75' lang='lat'>23.</span> 
     </span>
    </p>

    <p class='ocr_par' dir='ltr' id='par_1_8' title="bbox 141 1843 1720 2333">
     <span class='ocr_line' id='line_1_22' title="bbox 289 1843 1718 1904; baseline 0.001 -14"><span class='ocrx_word' id='word_1_176' title='bbox 289 1843 442 1891; x_wconf 65' lang='lat' dir='ltr'>Fu&#39;turi</span> <span class='ocrx_word' id='word_1_177' title='bbox 474 1848 727 1891; x_wconf 88' lang='lat' dir='ltr'>infinitivum</span> <span class='ocrx_word' id='word_1_178' title='bbox 764 1862 848 1890; x_wconf 85' lang='lat' dir='ltr'>non</span> <span class='ocrx_word' id='word_1_179' title='bbox 887 1849 1096 1904; x_wconf 72' lang='lat' dir='ltr'>usurpari,</span> <span class='ocrx_word' id='word_1_180' title='bbox 1146 1850 1310 1892; x_wconf 80' lang='lat' dir='ltr'>etiamsi</span> <span class='ocrx_word' id='word_1_181' title='bbox 1356 1849 1409 1892; x_wconf 85' lang='lat' dir='ltr'>de</span> <span class='ocrx_word' id='word_1_182' title='bbox 1462 1864 1507 1892; x_wconf 91' lang='lat' dir='ltr'>re</span> <span class='ocrx_word' id='word_1_183' title='bbox 1563 1851 1718 1904; x_wconf 83' lang='lat' dir='ltr'>agitur,</span> 
     </span>
     <span class='ocr_line' id='line_1_23' title="bbox 141 1920 1719 1977; baseline 0.001 -14"><span class='ocrx_word' id='word_1_184' title='bbox 141 1933 253 1975; x_wconf 81' lang='lat' dir='ltr'>quae</span> <span class='ocrx_word' id='word_1_185' title='bbox 285 1920 331 1963; x_wconf 91' lang='lat' dir='ltr'>in</span> <span class='ocrx_word' id='word_1_186' title='bbox 362 1924 555 1976; x_wconf 84' lang='lat' dir='ltr'>tempore</span> <span class='ocrx_word' id='word_1_187' title='bbox 587 1920 729 1963; x_wconf 86' lang='lat' dir='ltr'>futuro</span> <span class='ocrx_word' id='word_1_188' title='bbox 762 1922 903 1976; x_wconf 82' lang='lat' dir='ltr'>posita</span> <span class='ocrx_word' id='word_1_189' title='bbox 933 1926 1010 1975; x_wconf 72' lang='lat' dir='ltr'>est,</span> <span class='ocrx_word' id='word_1_190' title='bbox 1044 1921 1142 1963; x_wconf 85' lang='lat' dir='ltr'>inde</span> <span class='ocrx_word' id='word_1_191' title='bbox 1165 1921 1417 1977; x_wconf 82' lang='lat' dir='ltr'>explieatur,</span> <span class='ocrx_word' id='word_1_192' title='bbox 1452 1922 1564 1976; x_wconf 85' lang='lat' dir='ltr'>quod</span> <span class='ocrx_word' id='word_1_193' title='bbox 1589 1922 1719 1964; x_wconf 82' lang='lat' dir='ltr'>verba</span> 
     </span>
     <span class='ocr_line' id='line_1_24' title="bbox 142 1978 1720 2048; baseline 0 -13"><span class='ocrx_word' id='word_1_194' title='bbox 142 1978 355 2036; x_wconf 75' lang='lat' dir='ltr'>efficiendi</span> <span class='ocrx_word' id='word_1_195' title='bbox 387 1996 470 2035; x_wconf 84' lang='lat' dir='ltr'>ete.</span> <span class='ocrx_word' id='word_1_196' title='bbox 533 1993 628 2048; x_wconf 81' lang='lat' dir='ltr'>ipsa</span> <span class='ocrx_word' id='word_1_197' title='bbox 659 1992 702 2034; x_wconf 92' lang='lat' dir='ltr'>in</span> <span class='ocrx_word' id='word_1_198' title='bbox 735 2006 781 2035; x_wconf 84' lang='lat' dir='ltr'>se</span> <span class='ocrx_word' id='word_1_199' title='bbox 804 1992 932 2035; x_wconf 81' lang='lat' dir='ltr'>futuri</span> <span class='ocrx_word' id='word_1_200' title='bbox 956 1993 1169 2035; x_wconf 79' lang='lat' dir='ltr'>notionem</span> <span class='ocrx_word' id='word_1_201' title='bbox 1194 1994 1423 2035; x_wconf 78' lang='lat' dir='ltr'>continent.</span> <span class='ocrx_word' id='word_1_202' title='bbox 1477 1994 1720 2036; x_wconf 81' lang='lat' dir='ltr'>Praesentis</span> 
     </span>
     <span class='ocr_line' id='line_1_25' title="bbox 141 2064 1720 2119; baseline 0.001 -13"><span class='ocrx_word' id='word_1_203' title='bbox 141 2064 274 2119; x_wconf 85' lang='lat' dir='ltr'>igitur</span> <span class='ocrx_word' id='word_1_204' title='bbox 305 2068 349 2107; x_wconf 88' lang='lat' dir='ltr'>et</span> <span class='ocrx_word' id='word_1_205' title='bbox 379 2065 527 2107; x_wconf 84' lang='lat' dir='ltr'>aoristi</span> <span class='ocrx_word' id='word_1_206' title='bbox 560 2064 793 2107; x_wconf 82' lang='lat' dir='ltr'>infinitivus</span> <span class='ocrx_word' id='word_1_207' title='bbox 825 2065 1019 2107; x_wconf 78' lang='lat' dir='ltr'>sufficere</span> <span class='ocrx_word' id='word_1_208' title='bbox 1051 2065 1288 2119; x_wconf 85' lang='lat' dir='ltr'>videbatur,</span> <span class='ocrx_word' id='word_1_209' title='bbox 1323 2066 1395 2119; x_wconf 92' lang='lat' dir='ltr'>qui</span> <span class='ocrx_word' id='word_1_210' title='bbox 1427 2065 1588 2119; x_wconf 80' lang='lat' dir='ltr'>aliquid</span> <span class='ocrx_word' id='word_1_211' title='bbox 1612 2066 1720 2107; x_wconf 88' lang='lat' dir='ltr'>futu—</span> 
     </span>
     <span class='ocr_line' id='line_1_26' title="bbox 142 2136 1717 2192; baseline 0 -14"><span class='ocrx_word' id='word_1_212' title='bbox 142 2149 237 2179; x_wconf 89' lang='lat' dir='ltr'>rum</span> <span class='ocrx_word' id='word_1_213' title='bbox 268 2149 362 2180; x_wconf 82' lang='lat' dir='ltr'>esse</span> <span class='ocrx_word' id='word_1_214' title='bbox 394 2137 666 2192; x_wconf 78' lang='lat' dir='ltr'>exprimeret,</span> <span class='ocrx_word' id='word_1_215' title='bbox 700 2141 828 2191; x_wconf 88' lang='lat' dir='ltr'>atque</span> <span class='ocrx_word' id='word_1_216' title='bbox 861 2151 944 2178; x_wconf 85' lang='lat' dir='ltr'>non</span> <span class='ocrx_word' id='word_1_217' title='bbox 972 2137 1106 2179; x_wconf 85' lang='lat' dir='ltr'>solum</span> <span class='ocrx_word' id='word_1_218' title='bbox 1130 2142 1226 2192; x_wconf 83' lang='lat' dir='ltr'>post</span> <span class='ocrx_word' id='word_1_219' title='bbox 1248 2138 1379 2179; x_wconf 87' lang='lat' dir='ltr'>verba</span> <span class='ocrx_word' id='word_1_220' title='bbox 1401 2136 1612 2180; x_wconf 79' lang='lat' dir='ltr'>efficiendi</span> <span class='ocrx_word' id='word_1_221' title='bbox 1635 2142 1717 2179; x_wconf 85' lang='lat' dir='ltr'>ete.</span> 
     </span>
     <span class='ocr_line' id='line_1_27' title="bbox 142 2207 1720 2260; baseline -0.001 -9"><span class='ocrx_word' id='word_1_222' title='bbox 142 2207 279 2251; x_wconf 81' lang='lat' dir='ltr'>velut:</span> <span class='ocrx_word' id='word_1_223' title='bbox 312 2207 449 2260; x_wconf 89' lang='grc' dir='ltr'>ἀρχὴν</span> <span class='ocrx_word' id='word_1_224' title='bbox 481 2209 562 2260; x_wconf 85' lang='grc' dir='ltr'>γὰρ</span> <span class='ocrx_word' id='word_1_225' title='bbox 595 2208 680 2259; x_wconf 81' lang='grc' dir='ltr'>ἐγὼ</span> <span class='ocrx_word' id='word_1_226' title='bbox 713 2210 1012 2260; x_wconf 86' lang='grc' dir='ltr'>μηχανήσομαι</span> <span class='ocrx_word' id='word_1_227' title='bbox 1046 2207 1159 2250; x_wconf 87' lang='grc' dir='ltr'>οὕτω</span> <span class='ocrx_word' id='word_1_228' title='bbox 1193 2208 1306 2250; x_wconf 88' lang='grc' dir='ltr'>ὥστε</span> <span class='ocrx_word' id='word_1_229' title='bbox 1339 2210 1443 2260; x_wconf 78' lang='grc' dir='ltr'>μηδὲ</span> <span class='ocrx_word' id='word_1_230' title='bbox 1473 2212 1621 2260; x_wconf 83' lang='grc' dir='ltr'>μαθεῖν</span> <span class='ocrx_word' id='word_1_231' title='bbox 1652 2223 1720 2260; x_wconf 91' lang='grc' dir='ltr'>μιν</span> 
     </span>
     <span class='ocr_line' id='line_1_28' title="bbox 142 2279 1720 2333; baseline -0.001 -10"><span class='ocrx_word' id='word_1_232' title='bbox 142 2279 360 2333; x_wconf 83' lang='grc' dir='ltr'>ὀφθεῖσαν</span> <span class='ocrx_word' id='word_1_233' title='bbox 391 2280 478 2323; x_wconf 87' lang='grc' dir='ltr'>ὑπὸ</span> <span class='ocrx_word' id='word_1_234' title='bbox 510 2283 600 2323; x_wconf 88' lang='grc' dir='ltr'>σεῦ.</span> <span class='ocrx_word' id='word_1_235' title='bbox 648 2281 750 2322; x_wconf 85' lang='lat' dir='ltr'>Her.</span> <span class='ocrx_word' id='word_1_236' title='bbox 783 2280 805 2321; x_wconf 91' lang='lat' dir='ltr'>I</span> <span class='ocrx_word' id='word_1_237' title='bbox 837 2281 878 2322; x_wconf 86' lang='lat'>9.</span> <span class='ocrx_word' id='word_1_238' title='bbox 942 2282 1025 2331; x_wconf 80' lang='grc' dir='ltr'>ἐγὼ</span> <span class='ocrx_word' id='word_1_239' title='bbox 1058 2283 1191 2322; x_wconf 83' lang='grc' dir='ltr'>ταῦτα</span> <span class='ocrx_word' id='word_1_240' title='bbox 1223 2281 1393 2332; x_wconf 89' lang='grc' dir='ltr'>ποιήσω</span> <span class='ocrx_word' id='word_1_241' title='bbox 1427 2282 1540 2322; x_wconf 88' lang='grc' dir='ltr'>ὥστε</span> <span class='ocrx_word' id='word_1_242' title='bbox 1579 2282 1629 2322; x_wconf 81' lang='grc' dir='ltr'>σὲ</span> <span class='ocrx_word' id='word_1_243' title='bbox 1653 2281 1720 2322; x_wconf 87' lang='grc' dir='ltr'>καὶ</span> 
     </span>
    </p>
   </div>
   <div class='ocr_carea' id='block_1_5' title="bbox 74 2352 1720 2404">
    <p class='ocr_par' dir='ltr' id='par_1_9' title="bbox 74 2352 1720 2404">
     <span class='ocr_line' id='line_1_29' title="bbox 74 2352 1720 2404; baseline 0.001 -13"><span class='ocrx_word' id='word_1_244' title='bbox 74 2387 79 2391; x_wconf 88' lang='grc'><strong>.</strong></span> <span class='ocrx_word' id='word_1_245' title='bbox 142 2352 221 2395; x_wconf 86' lang='grc' dir='ltr'>τὸν</span> <span class='ocrx_word' id='word_1_246' title='bbox 241 2354 377 2394; x_wconf 86' lang='grc' dir='ltr'>παῖδα</span> <span class='ocrx_word' id='word_1_247' title='bbox 398 2353 476 2394; x_wconf 91' lang='grc' dir='ltr'>τὸν</span> <span class='ocrx_word' id='word_1_248' title='bbox 498 2353 581 2394; x_wconf 89' lang='grc' dir='ltr'>σὸν</span> <span class='ocrx_word' id='word_1_249' title='bbox 605 2354 736 2404; x_wconf 79' lang='grc' dir='ltr'>μηδὲν</span> <span class='ocrx_word' id='word_1_250' title='bbox 769 2353 1079 2404; x_wconf 82' lang='grc' dir='ltr'>ἐπιμέμφεσθαι</span> <span class='ocrx_word' id='word_1_251' title='bbox 1113 2352 1214 2394; x_wconf 88' lang='lat' dir='ltr'>Her.</span> <span class='ocrx_word' id='word_1_252' title='bbox 1238 2352 1259 2393; x_wconf 92' lang='grc' dir='ltr'>Ι</span> <span class='ocrx_word' id='word_1_253' title='bbox 1286 2353 1382 2394; x_wconf 87' lang='grc'><strong>116.</strong></span> <span class='ocrx_word' id='word_1_254' title='bbox 1431 2353 1508 2394; x_wconf 89' lang='grc' dir='ltr'>τὸν</span> <span class='ocrx_word' id='word_1_255' title='bbox 1540 2353 1587 2394; x_wconf 81' lang='grc' dir='ltr'>δὲ</span> <span class='ocrx_word' id='word_1_256' title='bbox 1619 2352 1720 2403; x_wconf 86' lang='grc' dir='ltr'>πρό-</span> 
     </span>
    </p>
   </div>
   <div class='ocr_carea' id='block_1_6' title="bbox 139 2423 1721 2477">
    <p class='ocr_par' dir='ltr' id='par_1_10' title="bbox 139 2423 1721 2477">
     <span class='ocr_line' id='line_1_30' title="bbox 139 2423 1721 2477; baseline -0.001 -11"><span class='ocrx_word' id='word_1_257' title='bbox 139 2423 270 2477; x_wconf 74' lang='grc' dir='ltr'>’τερον</span> <span class='ocrx_word' id='word_1_258' title='bbox 302 2424 431 2466; x_wconf 83' lang='grc' dir='ltr'>ἐόντα</span> <span class='ocrx_word' id='word_1_259' title='bbox 462 2424 605 2476; x_wconf 83' lang='grc' dir='ltr'>ὑμέων</span> <span class='ocrx_word' id='word_1_260' title='bbox 638 2425 856 2475; x_wconf 88' lang='grc' dir='ltr'>δεσπότην</span> <span class='ocrx_word' id='word_1_261' title='bbox 887 2425 1007 2475; x_wconf 87' lang='grc' dir='ltr'>ἡμεῖς</span> <span class='ocrx_word' id='word_1_262' title='bbox 1049 2424 1414 2475; x_wconf 90' lang='grc' dir='ltr'>παραστησόμεθα</span> <span class='ocrx_word' id='word_1_263' title='bbox 1461 2423 1575 2465; x_wconf 87' lang='grc' dir='ltr'>οὕτω</span> <span class='ocrx_word' id='word_1_264' title='bbox 1609 2424 1721 2464; x_wconf 82' lang='grc' dir='ltr'>ὥστε</span> 
     </span>
    </p>
   </div>
   <div class='ocr_carea' id='block_1_7' title="bbox 144 2495 1722 2909">
    <p class='ocr_par' dir='ltr' id='par_1_11' title="bbox 144 2495 1722 2909">
     <span class='ocr_line' id='line_1_31' title="bbox 144 2495 1719 2548; baseline -0.002 -9"><span class='ocrx_word' id='word_1_265' title='bbox 144 2495 215 2539; x_wconf 81' lang='grc' dir='ltr'>ἐπὶ</span> <span class='ocrx_word' id='word_1_266' title='bbox 236 2496 457 2548; x_wconf 87' lang='grc' dir='ltr'>μηδαμοὺς</span> <span class='ocrx_word' id='word_1_267' title='bbox 481 2495 540 2538; x_wconf 83' lang='grc' dir='ltr'>ἔτι</span> <span class='ocrx_word' id='word_1_268' title='bbox 563 2495 821 2548; x_wconf 85' lang='grc' dir='ltr'>ἀνθρώπους</span> <span class='ocrx_word' id='word_1_269' title='bbox 846 2496 978 2538; x_wconf 86' lang='grc' dir='ltr'>αὐτὸν</span> <span class='ocrx_word' id='word_1_270' title='bbox 1012 2495 1358 2547; x_wconf 85' lang='grc' dir='ltr'>στρατεύσασθαι</span> <span class='ocrx_word' id='word_1_271' title='bbox 1391 2495 1492 2537; x_wconf 85' lang='lat' dir='ltr'>Her.</span> <span class='ocrx_word' id='word_1_272' title='bbox 1526 2495 1586 2537; x_wconf 91' lang='lat' dir='ltr'>IV</span> <span class='ocrx_word' id='word_1_273' title='bbox 1623 2495 1719 2548; x_wconf 83' lang='lat'>136,</span> 
     </span>
     <span class='ocr_line' id='line_1_32' title="bbox 144 2565 1721 2623; baseline -0.003 -12"><span class='ocrx_word' id='word_1_274' title='bbox 144 2566 223 2612; x_wconf 80' lang='lat' dir='ltr'>sed</span> <span class='ocrx_word' id='word_1_275' title='bbox 254 2568 384 2611; x_wconf 88' lang='lat' dir='ltr'>etiam</span> <span class='ocrx_word' id='word_1_276' title='bbox 416 2567 610 2611; x_wconf 82' lang='lat' dir='ltr'>absolute</span> <span class='ocrx_word' id='word_1_277' title='bbox 642 2572 887 2623; x_wconf 81' lang='lat' dir='ltr'>usurpatus:</span> <span class='ocrx_word' id='word_1_278' title='bbox 929 2567 1081 2619; x_wconf 88' lang='grc' dir='ltr'>Πάχης</span> <span class='ocrx_word' id='word_1_279' title='bbox 1114 2567 1367 2618; x_wconf 89' lang='grc' dir='ltr'>ἀναστήσας</span> <span class='ocrx_word' id='word_1_280' title='bbox 1401 2567 1559 2618; x_wconf 87' lang='grc' dir='ltr'>αὐτοὺς</span> <span class='ocrx_word' id='word_1_281' title='bbox 1609 2565 1721 2607; x_wconf 86' lang='grc' dir='ltr'>ὥστε</span> 
     </span>
     <span class='ocr_line' id='line_1_33' title="bbox 145 2637 1719 2693; baseline -0.002 -11"><span class='ocrx_word' id='word_1_282' title='bbox 145 2641 199 2693; x_wconf 90' lang='grc' dir='ltr'>μὴ</span> <span class='ocrx_word' id='word_1_283' title='bbox 232 2639 431 2692; x_wconf 85' lang='grc' dir='ltr'>ἀδικῆσαι</span> <span class='ocrx_word' id='word_1_284' title='bbox 463 2641 730 2683; x_wconf 85' lang='grc' dir='ltr'>κατατίθεται</span> <span class='ocrx_word' id='word_1_285' title='bbox 762 2641 807 2691; x_wconf 80' lang='grc' dir='ltr'>ἐς</span> <span class='ocrx_word' id='word_1_286' title='bbox 830 2641 1016 2682; x_wconf 86' lang='grc' dir='ltr'>Τένεδον</span> <span class='ocrx_word' id='word_1_287' title='bbox 1069 2639 1206 2681; x_wconf 87' lang='lat' dir='ltr'>Thue.</span> <span class='ocrx_word' id='word_1_288' title='bbox 1239 2639 1306 2680; x_wconf 92' lang='lat' dir='ltr'>III</span> <span class='ocrx_word' id='word_1_289' title='bbox 1335 2639 1406 2693; x_wconf 75' lang='lat'>28,</span> <span class='ocrx_word' id='word_1_290' title='bbox 1431 2640 1472 2680; x_wconf 73' lang='lat'>2.</span> <span class='ocrx_word' id='word_1_291' title='bbox 1526 2637 1719 2680; x_wconf 83' lang='lat' dir='ltr'>Eundem</span> 
     </span>
     <span class='ocr_line' id='line_1_34' title="bbox 145 2709 1720 2768; baseline -0.003 -13"><span class='ocrx_word' id='word_1_292' title='bbox 145 2725 316 2755; x_wconf 82' lang='lat' dir='ltr'>sensum</span> <span class='ocrx_word' id='word_1_293' title='bbox 347 2712 528 2768; x_wconf 88' lang='lat' dir='ltr'>praebet</span> <span class='ocrx_word' id='word_1_294' title='bbox 558 2725 642 2755; x_wconf 91' lang='lat' dir='ltr'>uno</span> <span class='ocrx_word' id='word_1_295' title='bbox 675 2712 769 2754; x_wconf 87' lang='lat' dir='ltr'>loeo</span> <span class='ocrx_word' id='word_1_296' title='bbox 808 2712 1039 2754; x_wconf 83' lang='lat' dir='ltr'>infinitivus</span> <span class='ocrx_word' id='word_1_297' title='bbox 1077 2711 1226 2753; x_wconf 84' lang='lat' dir='ltr'>futuri:</span> <span class='ocrx_word' id='word_1_298' title='bbox 1261 2711 1286 2752; x_wconf 87' lang='grc' dir='ltr'>ὁ</span> <span class='ocrx_word' id='word_1_299' title='bbox 1320 2712 1366 2752; x_wconf 79' lang='grc' dir='ltr'>δὲ</span> <span class='ocrx_word' id='word_1_300' title='bbox 1398 2709 1720 2762; x_wconf 87' lang='grc' dir='ltr'>προκαλεσάμε-</span> 
     </span>
     <span class='ocr_line' id='line_1_35' title="bbox 146 2781 1722 2837; baseline -0.003 -10"><span class='ocrx_word' id='word_1_301' title='bbox 146 2798 223 2837; x_wconf 90' lang='grc' dir='ltr'>νος</span> <span class='ocrx_word' id='word_1_302' title='bbox 256 2785 302 2836; x_wconf 85' lang='grc' dir='ltr'>ἐς</span> <span class='ocrx_word' id='word_1_303' title='bbox 343 2785 502 2836; x_wconf 88' lang='grc' dir='ltr'>λόγους</span> <span class='ocrx_word' id='word_1_304' title='bbox 535 2784 706 2827; x_wconf 83' lang='grc' dir='ltr'>Ἱππίαν</span> <span class='ocrx_word' id='word_1_305' title='bbox 746 2786 870 2834; x_wconf 85' lang='grc' dir='ltr'>ὥστε,</span> <span class='ocrx_word' id='word_1_306' title='bbox 918 2785 971 2835; x_wconf 87' lang='grc' dir='ltr'>ἢν</span> <span class='ocrx_word' id='word_1_307' title='bbox 1020 2785 1150 2835; x_wconf 81' lang='grc' dir='ltr'>μηδὲν</span> <span class='ocrx_word' id='word_1_308' title='bbox 1198 2783 1384 2835; x_wconf 90' lang='grc' dir='ltr'>ἀρέσκον</span> <span class='ocrx_word' id='word_1_309' title='bbox 1433 2783 1545 2837; x_wconf 86' lang='grc' dir='ltr'>λέγῃ,</span> <span class='ocrx_word' id='word_1_310' title='bbox 1593 2781 1722 2823; x_wconf 89' lang='grc' dir='ltr'>πάλιν</span> 
     </span>
     <span class='ocr_line' id='line_1_36' title="bbox 146 2854 1719 2909; baseline -0.004 -9"><span class='ocrx_word' id='word_1_311' title='bbox 146 2857 281 2900; x_wconf 88' lang='grc' dir='ltr'>αὐτὸν</span> <span class='ocrx_word' id='word_1_312' title='bbox 328 2858 616 2909; x_wconf 89' lang='grc' dir='ltr'>καταστήσειν</span> <span class='ocrx_word' id='word_1_313' title='bbox 663 2858 708 2908; x_wconf 79' lang='grc' dir='ltr'>ἐς</span> <span class='ocrx_word' id='word_1_314' title='bbox 748 2858 797 2898; x_wconf 89' lang='grc' dir='ltr'>τὸ</span> <span class='ocrx_word' id='word_1_315' title='bbox 836 2859 978 2908; x_wconf 85' lang='grc' dir='ltr'>τεῖχος</span> <span class='ocrx_word' id='word_1_316' title='bbox 1012 2858 1105 2897; x_wconf 88' lang='grc' dir='ltr'>σῶν</span> <span class='ocrx_word' id='word_1_317' title='bbox 1146 2856 1212 2897; x_wconf 87' lang='grc' dir='ltr'>καὶ</span> <span class='ocrx_word' id='word_1_318' title='bbox 1254 2856 1361 2905; x_wconf 84' lang='grc' dir='ltr'>ὑγιᾶ,</span> <span class='ocrx_word' id='word_1_319' title='bbox 1407 2854 1431 2895; x_wconf 89' lang='grc' dir='ltr'>ὁ</span> <span class='ocrx_word' id='word_1_320' title='bbox 1464 2855 1540 2906; x_wconf 80' lang='grc' dir='ltr'>μὲν</span> <span class='ocrx_word' id='word_1_321' title='bbox 1573 2854 1719 2904; x_wconf 80' lang='grc' dir='ltr'>ἐξῆλθε</span> 
     </span>
    </p>
   </div>
   <div class='ocr_carea' id='block_1_8' title="bbox 118 2924 1722 2981">
    <p class='ocr_par' dir='ltr' id='par_1_12' title="bbox 118 2924 1722 2981">
     <span class='ocr_line' id='line_1_37' title="bbox 118 2924 1722 2981; baseline -0.004 -10"><span class='ocrx_word' id='word_1_322' title='bbox 118 2926 248 2981; x_wconf 66' lang='grc' dir='ltr'>4παρ’</span> <span class='ocrx_word' id='word_1_323' title='bbox 282 2928 430 2970; x_wconf 87' lang='grc' dir='ltr'>αὐτόν.</span> <span class='ocrx_word' id='word_1_324' title='bbox 479 2928 616 2971; x_wconf 89' lang='lat' dir='ltr'>Thue.</span> <span class='ocrx_word' id='word_1_325' title='bbox 651 2928 717 2970; x_wconf 91' lang='grc' dir='ltr'>ΠΙ</span> <span class='ocrx_word' id='word_1_326' title='bbox 750 2928 821 2981; x_wconf 84' lang='grc'>34,</span> <span class='ocrx_word' id='word_1_327' title='bbox 845 2928 886 2969; x_wconf 82' lang='grc'>3.</span> <span class='ocrx_word' id='word_1_328' title='bbox 966 2927 1059 2969; x_wconf 83' lang='lat' dir='ltr'>Hoe</span> <span class='ocrx_word' id='word_1_329' title='bbox 1091 2927 1286 2968; x_wconf 90' lang='lat' dir='ltr'>infinitivi</span> <span class='ocrx_word' id='word_1_330' title='bbox 1320 2926 1448 2967; x_wconf 89' lang='lat' dir='ltr'>futuri</span> <span class='ocrx_word' id='word_1_331' title='bbox 1482 2924 1722 2979; x_wconf 79' lang='lat' dir='ltr'>exemplum</span> 
     </span>
    </p>
   </div>
   <div class='ocr_carea' id='block_1_9' title="bbox 149 2996 1722 3102">
    <p class='ocr_par' dir='ltr' id='par_1_13' title="bbox 149 2996 1722 3102">
     <span class='ocr_line' id='line_1_38' title="bbox 149 2996 1722 3055; baseline -0.005 -11"><span class='ocrx_word' id='word_1_332' title='bbox 149 3013 245 3044; x_wconf 83' lang='lat' dir='ltr'>eum</span> <span class='ocrx_word' id='word_1_333' title='bbox 277 2999 391 3042; x_wconf 90' lang='lat' dir='ltr'>nullo</span> <span class='ocrx_word' id='word_1_334' title='bbox 425 3013 571 3043; x_wconf 88' lang='lat' dir='ltr'>eorum</span> <span class='ocrx_word' id='word_1_335' title='bbox 603 3000 906 3055; x_wconf 79' lang='lat' dir='ltr'>exemplorum,</span> <span class='ocrx_word' id='word_1_336' title='bbox 941 3012 1050 3053; x_wconf 81' lang='lat' dir='ltr'>quae</span> <span class='ocrx_word' id='word_1_337' title='bbox 1074 2999 1229 3040; x_wconf 73' lang='lat' dir='ltr'>Semne</span> <span class='ocrx_word' id='word_1_338' title='bbox 1262 3012 1303 3053; x_wconf 82' lang='lat' dir='ltr'>p.</span> <span class='ocrx_word' id='word_1_339' title='bbox 1326 2998 1383 3039; x_wconf 70' lang='lat'>55</span> <span class='ocrx_word' id='word_1_340' title='bbox 1413 3011 1501 3050; x_wconf 81' lang='lat' dir='ltr'>sqq.</span> <span class='ocrx_word' id='word_1_341' title='bbox 1536 2996 1722 3048; x_wconf 64' lang='lat' dir='ltr'>collegit,</span> 
     </span>
     <span class='ocr_line' id='line_1_39' title="bbox 1440 3068 1462 3102; baseline 0 0"><span class='ocrx_word' id='word_1_342' title='bbox 1440 3068 1462 3102; x_wconf 87' lang='lat'>4</span> 
     </span>
    </p>
   </div>
  </div>
 </body>
</html>
