2034 3458
1051 300 1281 339 „39—

388 424 641 478 φιέννυσθαι
689 424 801 467 ὥστε
849 426 978 476 μηδὲν
1026 427 1188 476 μᾶλλον
1239 425 1418 466 Καλλίου
1467 423 1597 477 ῥιγῶν
1646 424 1776 467 Conv.
1806 422 1847 478 4,
1870 421 1942 467 37.

389 501 426 549 β)
478 501 550 539 aut
583 496 722 538 verbis
755 496 945 547 δύναμαι,
984 496 1228 546 ἐπίσταμαιῑ
1261 497 1327 536 καὶ
1360 497 1399 536 οἱ
1431 499 1592 547 παῖδες,
1626 496 1730 538 ὅταν
1762 496 1944 539 παίζωσι

387 568 584 617 ποσίνδα,
608 567 808 609 δύνανται
831 567 999 608 ἀπατᾶν
1021 567 1303 617 προίσχοντες
1322 566 1434 608 ὥστε
1457 566 1629 617 ὀλίγους
1653 566 1823 619 ἔχοντες
1840 567 1943 608 πολ-

390 639 491 689 λοὺς
526 641 667 680 δοκεῖν
690 638 800 689 ἔχειν
834 637 961 692 Hipp.
985 637 1026 689 ἵ),
1049 639 1115 678 10.
1149 637 1246 692 Oyr.
1271 638 1289 678 I
1317 639 1353 690 1,
1371 638 1398 678 5
1422 638 1518 690 (bis)
1540 638 1577 679 V
1603 639 1640 691 1,
1667 637 1735 679 14.
1783 637 1944 680 Oomm.

389 710 430 750 ΙΙ
455 710 495 763 6,
519 711 589 751 22.
623 710 724 752 Oeo.
753 710 818 762 11,
844 710 910 749 10.
944 710 1014 762 21,
1038 709 1078 749 3.
1141 709 1190 750 τὸ
1223 710 1298 759 μὲν
1330 709 1582 750 ἐπίστασθαι
1615 708 1944 761 ὑποβιβάζεσθαι

389 781 464 821 τὸν
495 780 640 829 ἵππον,
673 779 785 820 ὥστε
817 779 990 829 εὐπετὲς
1023 778 1129 820 εἶναι
1162 779 1380 831 ἀναβῆναι,
1413 780 1463 821 οὐ
1497 780 1746 831 μεμφόμεθα
1776 779 1827 821 R.
1849 791 1944 833 equ.

389 852 429 903 6,
458 851 523 892 16.
586 853 627 903 γ)
661 854 734 892 aut
766 850 925 892 futuro:
975 851 1023 891 τὸ
1057 850 1211 891 εἰδέναι
1250 850 1360 891 ὅπου
1394 850 1575 892 ἕκαστόν
1609 851 1711 900 ἐστι,
1742 850 1847 902 ταχὺ
1879 850 1945 900 ἑγ-

390 925 545 973 χειριεῑ,
578 923 689 962 ὥστε
712 923 764 972 μὴ
789 921 966 972 ἀπορεῖν
990 924 1170 972 χρῆσθαι
1204 921 1304 963 Oee.
1324 922 1364 975 8,
1384 923 1450 963 10.
1491 921 1660 973 ἀρκέσει
1692 921 1790 972 ὑμῖν
1823 921 1945 973 μικρὰ

390 993 576 1043 σκυτάλη
611 991 713 1034 ὥστ’
748 993 907 1033 ἐκεῖθεν
940 991 1079 1032 πάντα
1112 992 1411 1043 ὑπηρετεῖσθαι
1444 992 1554 1034 Hell.
1587 993 1624 1034 V
1656 991 1697 1046 2,
1720 992 1791 1034 34.

531 1064 568 1115 f)
603 1064 669 1104 Ex
702 1064 842 1105 verbis
874 1062 1238 1118 impersonalibus,
1272 1076 1380 1116 quae
1413 1062 1491 1117 Ἧι,
1524 1062 1788 1118 fieripotest’
1819 1063 1945 1118 signi-

389 1136 530 1189 ficant,
579 1135 800 1185 συνήνεικε
840 1135 1072 1175 συνέπιπτε
1114 1134 1272 1185 συνέβη
1314 1147 1407 1175 eum
1448 1134 1560 1175 ὥστε
1599 1133 1808 1189 particula
1851 1146 1947 1176 eon-

390 1207 533 1248 iuneta
564 1219 646 1247 non
680 1210 867 1258 exstant,
903 1218 1011 1258 quae
1044 1204 1312 1246 inveniuntur
1344 1205 1627 1247 elocutionum
1647 1218 1819 1260 genera,
1851 1209 1948 1247 sunt

391 1277 517 1319 haee:
567 1278 633 1318 καὶ
666 1277 932 1327 περιεγένετο
965 1277 1078 1317 ὥστε
1110 1278 1250 1326 καλῶς
1284 1275 1394 1327 ἔχειν
1427 1276 1563 1318 Anab.
1597 1276 1633 1318 V
1666 1276 1707 1330 8,
1729 1276 1800 1318 26.
1862 1275 1948 1326 ἑγέ·

392 1362 489 1390 νετο
523 1348 638 1402 αὐτῷ
671 1347 783 1388 ὥστε
816 1348 1026 1398 χρήμασιν
1060 1347 1296 1397 εὐεργετεῖν
1329 1347 1427 1402 Cyr.
1460 1347 1566 1389 VIII
1590 1347 1631 1401 2,
1654 1347 1695 1389 2.
1757 1345 1871 1389 τοῦτ’
1895 1346 1948 1389 ἂν

393 1419 622 1472 ἐσκόπουν,
671 1416 746 1470 ἀφ’
781 1417 832 1459 οὗ
866 1418 918 1459 ἂν
950 1418 1118 1467 γένοιτο
1160 1419 1271 1459 ὥστε
1313 1419 1521 1470 λαβόντας
1561 1418 1668 1469 ὑμᾶς
1708 1418 1834 1460 πόλιν
1871 1418 1948 1460 τὸν

394 1491 468 1541 μὲν
506 1490 768 1541 βουλόμενον
809 1488 1019 1530 ἀποπλεῖν
1050 1489 1129 1540 ἤδη
1178 1489 1314 1531 Anab.
1348 1490 1385 1531 V
1417 1490 1457 1543 6,
1481 1489 1552 1530 30.
1601 1489 1711 1531 Hell.
1744 1489 1782 1531 V
1813 1489 1854 1543 3,
1879 1489 1947 1531 10.

393 1561 775 1612 παραπεπτωκέναι
807 1574 875 1611 μοι
908 1563 1023 1601 δοκεῖ
1055 1565 1103 1615 τῇ
1137 1561 1257 1602 πόλει
1291 1561 1402 1602 ὥστε
1434 1560 1696 1602 ἀνακτᾶσθαι
1727 1560 1829 1611 τοὺς
1851 1558 1948 1602 Ἕλ·

395 1635 526 1682 ληνας
560 1631 680 1673 Veet.
714 1631 756 1684 ἵ),
781 1631 820 1672 8.
890 1632 1280 1682 προκεχωρηκότων
1319 1634 1410 1682 τοῖς
1449 1631 1793 1682 Λακεδαιμονίοις
1838 1629 1950 1672 ὥστε

395 1703 606 1754 Θηβαίους
641 1703 715 1753 μὲν
748 1702 1029 1743 παντάπασιν·
1054 1701 1118 1743 ἐπ’
1154 1703 1330 1753 ἐκείνοις
1363 1701 1480 1752 εἶναι,
1529 1702 1774 1753 Κορινθίους
1807 1702 1854 1743 δὲ
1884 1716 1949 1744 πι-

394 1773 630 1823 στοτάτους
663 1776 916 1824 γεγενῆσθαι
949 1773 1058 1815 Hell.
1092 1774 1129 1815 V
1162 1774 1202 1828 3,
1226 1774 1296 1815 27.
1636 1826 1642 1831 -

536 1846 581 1899 g)
630 1844 867 1886 Infinitivus
899 1858 993 1886 eum
1026 1846 1137 1886 ὥστε
1171 1845 1418 1887 coniunctus
1458 1844 1700 1900 explicandi
1733 1857 1862 1887 eausa
1893 1843 1949 1887 ad

395 1929 624 1971 pronomen
656 1915 843 1957 aceedit:
893 1916 927 1957 εἰ
960 1916 1005 1957 δέ
1038 1930 1142 1958 ποτε
1182 1917 1348 1967 κληθεὶς
1390 1917 1630 1967 ἐθελήσειεν
1668 1916 1736 1958 ἐπὶ
1774 1919 1949 1958 δεῖπνον

395 1988 545 2036 ἐλθεῖν,
578 1987 601 2027 ὃ
633 1989 724 2037 τοῖς
758 1987 975 2037 πλείστοις
1008 1987 1330 2038 ἐργωδέστατόν
1362 1987 1490 2036 ἐστιν,
1537 1987 1649 2028 ὥστε
1681 1986 1950 2045 φυλάξασθαι

395 2058 444 2098 τὸ
477 2058 583 2108 ὑπὲρ
616 2058 691 2098 τὸν
724 2058 853 2108 κόρον
886 2057 1213 2109 ἐμπίμπλασθαι,
1259 2060 1388 2099 τοῦτο
1420 2058 1578 2112 ῥᾳδίως
1618 2058 1731 2100 πάνυ
1769 2046 1954 2110 ἑφυλάτέ

396 2142 491 2170 τετο
525 2128 684 2170 Comm.
718 2129 737 2169 I
770 2129 810 2182 3,
834 2130 874 2169 6.
909 2128 1007 2183 Cyr.
1041 2129 1101 2170 IV
1133 2129 1173 2182 3,
1201 2129 1267 2170 17.

538 2199 582 2251 h)
629 2198 865 2241 Infinitivus
897 2212 983 2240 rem
1016 2200 1214 2254 exprimit
1246 2213 1354 2253 quae
1386 2200 1584 2253 consequi
1615 2199 1750 2255 possit
1777 2200 1849 2242 *vel
1879 2213 1951 2256 po·
1989 2213 1992 2216 ’

397 2271 541 2312 tuerit:
576 2271 762 2322 κραυγὴν
795 2271 960 2321 πολλὴν
983 2271 1158 2311 ἐποίουν
1181 2270 1293 2311 ὥστε
1317 2271 1383 2311 καὶ
1405 2271 1506 2321 τοὺς
1529 2271 1759 2322 πολεμίους
1782 2270 1951 2313 ἀκούειν

397 2342 533 2384 Anab.
567 2342 609 2383 II
641 2343 682 2395 2,
709 2342 775 2383 17.
839 2342 1019 2393 ἐλαφροὶ
1052 2342 1132 2392 γὰρ
1164 2341 1276 2392 ἦσαν
1309 2341 1421 2383 ὥστε
1454 2343 1520 2383 καὶ
1553 2342 1729 2392 ἐγγύθεν
1769 2342 1951 2394 φεύγον-

397 2427 467 2463 τες
500 2413 763 2464 ἀποφεύγειν
795 2412 931 2454 Anah.
965 2413 1024 2453 IV
1057 2414 1098 2466 2,
1122 2413 1192 2454 27.
1261 2413 1386 2462 εὐθὺς
1419 2413 1472 2454 ἂν
1504 2413 1709 2463 ἐπίσταιο,
1741 2401 1952 2455 ὥστεκαὶ

398 2483 542 2533 ἄλλον,
576 2484 610 2525 εἰ
634 2483 817 2535 βούλοιο,
848 2483 1063 2524 διδάσκειν
1097 2483 1198 2525 Oee.
1226 2484 1292 2537 15,
1319 2484 1386 2524 10.
1450 2484 1488 2525 οἱ
1511 2485 1586 2535 μὲν
1607 2484 1688 2536 γὰρ
1710 2485 1780 2526 σοὶ
1803 2487 1951 2536 μυκτῆ-

399 2569 469 2606 ρες
503 2555 561 2605 εἰς
594 2558 672 2606 γῆν
695 2555 867 2606 ὁρῶσιν,
900 2555 939 2595 οἱ
965 2556 1010 2595 δὲ
1033 2555 1123 2605 ἐμοὶ
1146 2554 1475 2604 ἀναπέπτανται,
1508 2556 1619 2596 ὥστε
1641 2555 1717 2606 τὰς
1739 2555 1952 2597 πάντοθεν

399 2626 536 2677 ὀσμὰς
577 2626 892 2676 προσδέχεσθαι
938 2625 1067 2667 Conv.
1101 2626 1141 2679 5,
1166 2626 1205 2666 6.
1284 2624 1396 2666 οὕτω
1437 2625 1461 2666 ὁ
1503 2626 1637 2677 Κῦρος
1677 2625 1801 2680 ἀπῄει
1840 2627 1951 2668 πολὺ

399 2698 576 2738 πλείονα
616 2698 806 2748 χρήματα
846 2697 1168 2748 ἡτοιμασμένος,
1216 2698 1327 2737 ὥστε
1367 2696 1594 2747 λαμβάνειν
1638 2697 1769 2738 ὁπότε
1813 2698 1952 2739 δέοιτο

401 2768 498 2826 Cyin
532 2769 597 2809 III
629 2768 669 2822 3,
692 2769 733 2809 5.
770 2770 807 2822 1,
831 2769 900 2809 27.
934 2768 994 2809 IV
1026 2769 1066 2821 2,
1085 2768 1155 2809 27.
1188 2768 1228 2820 3,
1251 2768 1317 2809 17.
1351 2767 1387 2809 V
1419 2767 1460 2821 4,
1482 2767 1548 2808 14.
1582 2767 1691 2809 Hell.
1725 2768 1791 2809 III
1821 2768 1951 2822 4,17.

400 2839 536 2881 Anab.
560 2839 580 2879 I
601 2839 643 2892 4,
663 2839 702 2880 8.
739 2839 894 2892 10,12.
940 2839 1005 2879 III
1027 2839 1068 2892 4,
1091 2839 1157 2880 17.
1199 2839 1236 2880 V
1258 2838 1387 2892 3,11.
1421 2838 1461 2891 6,
1484 2837 1554 2878 30.
1604 2837 1763 2880 Gomm.
1786 2839 1829 2879 II
1853 2839 1891 2892 7,
1909 2838 1950 2880 6.

401 2910 465 2950 III
487 2910 552 2962 11,
573 2909 612 2950 8.
647 2909 865 2963 Oeo.5,³›
901 2910 1028 2963 7,10.
1063 2908 1252 2962 Conv..4,
1270 2909 1340 2950 44.
1375 2907 1535 2963 Cyneg.
1554 2909 1594 2962 3,
1612 2909 1654 2949 4.
1716 2909 1789 2950 De'
1813 2909 1950 2951 Anab.

403 2981 460 3021 VI
498 2982 533 3033 1,
557 2980 608 3021 31
647 2995 684 3022 v.
718 2995 758 3034 p.
792 2981 861 3021 58.
