2034 3458
857 330 1067 366 -7-

174 448 387 506 Exempla
418 449 550 492 allata
582 449 753 504 docent,
802 464 927 504 quani
962 452 1082 493 varia
1121 451 1175 493 sit
1215 451 1330 507 apud
1370 451 1558 506 tragicos
1598 456 1747 506 poetas

175 519 291 581 ὥσζῐε
321 521 560 578 particulae
593 522 866 564 constructio.
930 523 1080 577 Neque
1114 523 1367 565 crediderim
1402 523 1512 565 hanc
1535 523 1745 576 quaestio-

173 605 285 648 nem,
333 591 437 648 quid
468 593 636 636 intersit
667 594 779 635 inter
810 593 1030 636 modorum
1063 594 1274 636 finitorum
1309 600 1350 637 et
1383 595 1576 637 infinitivi
1611 608 1745 647 usum,

173 663 340 708 absolvi
371 676 423 707 eo
455 663 714 719 discrimine,
749 664 862 719 quod
886 665 1107 708 Felhnann
1130 680 1171 722 p.
1193 667 1246 708 18
1264 679 1327 720 sq.
1351 665 1621 708 statuendum
1654 679 1746 708 esse

172 735 363 794 putavit:

354 806 417 861 ‘a)
451 807 498 851 Si
530 807 680 850 modos
712 808 852 851 finitos
874 812 1100 864 usurpatos
1122 808 1328 863 videmus,
1362 809 1599 851 sententiae
1622 809 1746 862 duae,

295 892 474 934 quarum
505 884 685 934 utraque
718 879 885 936 pondus
917 893 1037 923 suum
1070 894 1274 935 suamque
1307 881 1393 923 vim
1428 880 1570 935 habet,
1619 881 1746 936 parti-

295 950 394 1007 cula
422 950 498 993 illa
530 950 644 993 ὥστε
676 951 772 1004 (ὡς)
803 952 865 994 ita
894 951 1004 994 inter
1036 966 1128 994 sese
1162 953 1485 1007 coniunguntur,
1534 956 1580 994 ut
1612 952 1747 994 altera

294 1035 349 1065 ex
380 1022 518 1065 altera
549 1036 770 1066 emanasse
802 1023 1013 1078 videatur,
1053 1024 1120 1067 cui
1154 1025 1213 1066 rei
1246 1023 1504 1066 indicandae
1536 1024 1748 1079 particula

293 1093 370 1137 illa
399 1093 591 1137 inservit.
636 1120 695 1124 —
734 1095 798 1137 Ac
831 1095 1041 1138 sententia
1072 1096 1245 1138 maioris
1277 1095 1477 1138 momenti
1511 1096 1651 1151 posita
1683 1101 1747 1138 est

294 1165 338 1208 in
370 1166 591 1209 enuntiato
624 1168 911 1221 consecutivo,
945 1181 1027 1210 non
1060 1168 1102 1210 in
1134 1168 1350 1223 primario.

353 1237 398 1291 b)
445 1236 516 1292 At,
549 1239 583 1280 si
617 1237 869 1281 infinitivum
903 1253 997 1282 cum
1031 1239 1103 1290 ὡς,
1142 1239 1254 1282 ὥστε
1288 1239 1556 1282 coniunctum
1588 1239 1747 1295 perspi-

294 1309 448 1364 cimus,
496 1309 708 1352 sententia
756 1311 891 1353 altera
938 1325 1033 1354 cum
1081 1312 1216 1354 altera
1262 1312 1473 1353 artissime
1521 1311 1748 1353 coniuncta

294 1385 372 1424 est.
405 1407 464 1411 —
496 1380 616 1433 Quae
649 1395 743 1425 cum
777 1383 838 1425 ita
869 1383 966 1437 sint,
1001 1385 1035 1426 si
1058 1383 1266 1426 infinitivo
1289 1383 1414 1434 ὥστε,
1446 1384 1506 1435 ὡς
1530 1383 1744 1426 adiectum

295 1452 502 1508 videmus,
550 1455 761 1497 sententia
793 1455 965 1498 maioris
996 1456 1199 1498 momenti
1231 1456 1479 1511 plerumque
1510 1456 1651 1511 posita
1683 1459 1745 1498 est

296 1525 341 1568 in
372 1526 591 1568 enuntiato
623 1527 838 1582 primario,
871 1541 955 1569 non
986 1528 1027 1569 in
1060 1527 1301 1569 infinitivo'.

172 1597 270 1641 Hoc
300 1595 531 1640 discrimen
561 1598 667 1640 nihil
700 1600 805 1641 certi
838 1599 968 1641 habet
999 1613 1137 1654 neque
1171 1599 1333 1641 varium
1366 1599 1479 1641 ὥστε
1512 1599 1746 1655 particulae

172 1681 295 1712 usum
327 1669 611 1725 amplectitur.
682 1670 823 1724 Atque
857 1676 1011 1725 tamen,
1061 1684 1331 1725 quamquam,
1378 1676 1425 1712 ut
1456 1675 1572 1712 recte
1604 1676 1747 1713 monet

133 1755 135 1761 ⁴
173 1739 330 1784 Seume
362 1754 404 1797 p.
436 1741 508 1795 48,
558 1746 676 1784 certa
707 1743 791 1793 lex,
825 1756 934 1796 quae
966 1747 1104 1784 utrum
1138 1742 1369 1784 infinitivus
1401 1756 1455 1784 an
1487 1742 1747 1785 indicativus

174 1811 398 1869 ponendus
429 1813 484 1856 sit
516 1812 560 1856 in
591 1814 835 1856 universum
868 1816 1014 1857 stricte
1047 1814 1313 1868 determinet,
1354 1828 1439 1856 non
1471 1819 1625 1868 exstat,
1661 1828 1747 1857 cer-

173 1888 244 1928 tae
282 1885 458 1940 regulae
497 1885 552 1928 de
589 1886 801 1929 nonnullis
841 1887 1174 1929 enuntiationum
1216 1886 1445 1941 generibus
1484 1887 1613 1928 statui
1653 1900 1749 1942 pos=

173 1959 284 1999 sunt.
347 1956 471 2000 Hanc
502 1957 616 2000 viam
648 1958 863 2013 ingressus
895 1963 958 2000 est
991 1958 1159 2012 Seume,
1194 1959 1264 2012 qui
1298 1959 1356 2014 (p.
1389 1959 1446 2000 48
1469 1960 1550 2012 sq.)
1584 1958 1660 2001 has
1692 1958 1747 2001 de

171 2027 383 2071 infinitivo
415 2033 458 2071 et
489 2028 725 2072 indicativo
757 2030 929 2085 regulas
961 2029 1101 2072 dedit:

348 2100 578 2151 ‘Quattuor
610 2101 751 2143 causis
783 2101 842 2155 fit,
876 2106 921 2143 nt
954 2101 1209 2144 secundaria
1236 2101 1446 2143 sententia
1468 2101 1746 2144 indicativum

293 2169 454 2214 habere
492 2185 577 2214 non
617 2173 771 2228 possit:
820 2172 1025 2228 primaria
1062 2178 1135 2215 aut
1173 2173 1215 2214 in
1254 2172 1462 2215 infinitivo
1494 2178 1558 2215 est
1591 2173 1746 2228 depen-

293 2242 402 2286 dens
433 2257 487 2286 ex
519 2245 651 2287 verbo
683 2244 855 2287 dicendi
887 2245 979 2287 sim.
1013 2249 1086 2287 aut
1118 2245 1320 2300 negativa
1342 2250 1416 2286 aut
1439 2244 1745 2288 condicionalis

293 2318 369 2357 aut
399 2315 723 2371 interrogativa.

353 2401 396 2443 p.
428 2386 483 2429 51
550 2387 791 2430 indicativo
824 2402 892 2430 res
924 2389 966 2430 in
999 2388 1114 2430 facto
1136 2389 1301 2444 positae
1325 2389 1636 2443 exp1·innmtur;
1671 2387 1746 2430 sed

294 2457 589 2501 huiuscemodi
621 2472 690 2502 res
722 2460 849 2502 etiam
883 2460 1091 2502 infinitivo
1124 2459 1304 2515 exprimi
1329 2459 1526 2502 vidimus.
1576 2460 1746 2501 11111011-

243 2574 246 2578 ,
292 2529 420 2573 nullis
451 2534 615 2573 tantum
648 2531 906 2574 dictionibus
938 2531 1197 2574 indicativus
1218 2531 1399 2573 usitatus
1421 2536 1504 2573 est:
1540 2531 1599 2582 εἰς
1618 2533 1746 2573 τοῦτο

293 2635 426 2644 .....
458 2602 586 2654 ἥκειν,
619 2603 833 2645 τοσούτου
868 2604 963 2653 δέω,
996 2606 1209 2645 τοσοῦτον
1241 2603 1418 2654 ἀπέχω’.

171 2672 308 2716 Recte
341 2673 527 2728 quidem.
590 2674 847 2717 Monendum
888 2680 1029 2717 tamen
1069 2680 1133 2717 est
1172 2674 1249 2717 has
1287 2675 1456 2729 regulas
1494 2675 1657 2717 nonnisi
1693 2674 1745 2716 (le

173 2745 398 2788 sententiis
430 2747 714 2789 consecutivis
746 2747 902 2800 valere,
948 2761 1045 2788 nam
1079 2746 1121 2788 in
1154 2746 1375 2788 sententiis
1406 2746 1602 2788 finalibus
1634 2746 1746 2788 ὥστε

171 2817 386 2873 particula
418 2816 672 2860 introductis
704 2818 956 2860 infinitivum
990 2819 1123 2860 solum
1164 2818 1303 2860 locum
1336 2818 1494 2860 habere
1528 2823 1645 2860 certa
1677 2818 1745 2860 lex

172 2891 252 2932 est.
314 2888 545 2932 Praeterea
577 2889 1004 2932 animadvertendum
1044 2894 1108 2932 est
1148 2890 1319 2944 regulis,
1369 2903 1474 2943 quas
1517 2888 1570 2931 de
1613 2889 1746 2931 infini-

173 2959 263 3004 tivo
295 2959 452 3004 Seume
484 2961 647 3015 statuit,
688 2975 773 3004 non
805 2960 955 3004 deesse
988 2975 1098 3016 quae
1130 2965 1368 3017 repugnent
1401 2961 1597 3016 exempla
1630 2960 1746 3013 (vide

171 3045 215 3091 p.
247 3032 306 3076 49
338 3033 420 3089 sq.)
452 3036 494 3076 et
527 3046 637 3088 quae
670 3032 724 3076 de
758 3032 980 3077 indicativi
1015 3047 1091 3076 usu
1125 3033 1457 3076 enuntiationum
1495 3046 1655 3090 genera
1687 3036 1746 3076 at-
