2034 3458
830 302 971 339 -.23
1025 321 1065 328 .-

36 419 41 422 ’
94 451 134 503 ³?
118 410 279 470 ῆθι
297 420 471 478 gravior
509 421 793 478 interpunctio
841 423 1069 478 antecedit,
1117 424 1369 466 sententiam
1415 424 1729 467 consecutivam

115 496 249 541 m
275 493 460 537 firmiore
491 495 660 538 vinculo
693 495 929 538 sententiae
961 495 1230 539 antecedenti
1263 495 1459 551 adiungit
1491 509 1616 550 quam
1649 496 1730 538 La-

72 573 131 626 .'
110 554 300 659 huin
335 563 550 623 „itaque‘fi

119 653 127 667 ι
175 637 205 671 ι

269 646 374 693 Ac
409 650 591 706 primum
638 650 810 705 quidem
849 651 1060 693 invenitur
1107 650 1365 693 indicativus
1411 650 1616 693 adverbio
1664 651 1731 692 vel

102 721 115 739 ”
151 713 411 780 ‘momine
441 719 777 791 demonstrativo
809 723 1042 778 praemisso
1075 722 1141 764 his
1173 722 1295 764 locis:

309 805 348 848 1.
380 818 521 862 praes.
544 804 632 848 ind.
681 809 896 848 σκοποῦσι
919 804 956 848 δ’
967 806 1086 858 ὑμῶν
1109 805 1249 857 οὕτως
1272 806 1312 848 οἱ
1334 806 1515 857 ὑπήκοοι
1537 807 1586 847 τὸ
1609 806 1732 856 εἰκός,

55 865 104 914 23}
160 872 280 921 ὥστε
309 876 414 929 τούς
436 891 483 920 τε
511 878 565 929 μὴ
588 878 888 929 προσήκοντας
912 879 979 920 καὶ
1002 877 1099 920 ὅσοι
1122 876 1338 920 ἄποικοι”
1315 891 1439 928 οντες
1463 878 1733 929 κεχείρωνται

51 933 130 999 ‘fb
163 948 212 1026 ξς
243 949 295 992 τὸ
327 949 434 992 αὐτὸ
465 949 675 999 τιθέασιν,
708 949 745 991 v
767 949 824 991 96
858 948 912 992 cf.
945 963 987 1005 p.
1017 948 1087 991 51.

88 1030 89 1034 ’
162 1022 197 1036 “”
306 1033 350 1076 2.
380 1031 548 1089 imperf.
595 1032 780 1084 ἡσυχίαν
812 1032 925 1084 εἶχεν
955 1033 979 1074 ὁ
1005 1036 1138 1084 δῆμος
1161 1033 1227 1074 καὶ
1250 1032 1508 1084 κατάπληξιν
1531 1031 1734 1083 τοιαύτην

58 1087 130 1165 ξιξ
151 1100 278 1158 ,ὥστε
325 1103 477 1156 κέρδος
517 1104 542 1146 ὁ
583 1105 638 1156 μὴ
685 1104 868 1156 πάσχων
907 1119 945 1146 τι
986 1105 1136 1156 βίαιον,
1185 1104 1220 1146 εἰ
1259 1105 1326 1146 καὶ
1367 1106 1522 1159 σιγῴη,
1570 1103 1734 1155 ἐνόμιζε

63 1174 107 1209 ἐ
159 1167 271 1226 VIII
300 1175 373 1231 66,
395 1176 438 1218 2.
486 1175 657 1227 ἐγένετο
690 1177 861 1227 σπουδή
894 1178 970 1218 τοῦ
1003 1178 1115 1218 πλοῦ
1148 1174 1336 1226 τοιαύτη,
1369 1176 1481 1218 ὥστε
1508 1175 1663 1226 ἤσθιόν
1690 1189 1734 1217 τε

70 1270 96 1314 ᾗῑ
162 1245 252 1302 ἅμα
266 1246 523 1299 ἐλαύνοντες
542 1249 610 1290 καὶ
627 1247 667 1290 οἱ
684 1249 760 1300 μὲν
783 1246 922 1290 ὕπνον
940 1250 1136 1303 ᾐροῡντο,
1159 1247 1199 1289 οἱ
1225 1248 1271 1289 δὲ
1294 1247 1484 1298 ἤλαυνον
1516 1247 1582 1288 III
1603 1246 1674 1301 49,
1693 1246 1734 1288 3.

297 1331 338 1374 3.
369 1344 458 1374 aor.
489 1330 581 1374 ind.
650 1331 797 1383 ἀπέχει
829 1331 854 1383 ἡ
888 1330 1060 1382 Ῥήνεια
1096 1334 1172 1382 τῆς
1212 1331 1361 1382 Δήλου
1402 1329 1542 1381 οὕτως
1575 1330 1734 1380 ὀλίγον,

163 1402 280 1459 ᾤστε
309 1402 593 1455 Πολυκράτης
638 1402 816 1453 ἀνέθηκε
863 1407 923 1458 τῷ
972 1400 1211 1444 Ἀπόλλωνι
1258 1401 1408 1444 ἁλύσει
1449 1402 1586 1453 δήσας
1624 1402 1733 1453 πρὸς

163 1475 246 1530 τὴν
272 1475 426 1531 Δῆλον
456 1475 524 1537 III
560 1474 658 1529 104,
691 1475 730 1516 2.
778 1474 860 1517 VII
893 1474 964 1528 28,
997 1474 1039 1516 3.

307 1546 388 1590 His
419 1547 605 1602 quinque
637 1546 744 1589 locis
776 1550 940 1588 tantum
973 1546 1184 1588 sententia
1207 1546 1480 1588 consecutiva
1503 1558 1598 1587 cum
1621 1547 1735 1586 ante-

138 1616 346 1680 ·ffldente
375 1618 509 1662 artius
541 1617 756 1672 cohaeret,
790 1617 984 1660 omnibus
1016 1617 1169 1660 ceteris
1200 1630 1370 1672 prorsus
1392 1615 1557 1670 seiungi
1580 1619 1734 1671 potest.

309 1701 452 1758 Atque
482 1706 580 1758 post
611 1701 813 1744 leviorem
846 1700 1017 1755 quidem
1050 1701 1432 1756 interpunctionem
1464 1704 1654 1742 exstant:

161 1803 198 1828 3.
231 1803 234 1808 ·
313 1786 352 1828 1.
384 1798 521 1842 praes.
543 1784 631 1828 ind.
680 1786 724 1837 α)
758 1789 854 1840 post
886 1798 1024 1840 praes.
1049 1783 1135 1826 ind.
1169 1784 1290 1836 ἡμεῖς
1313 1781 1405 1826 οὐδ’
1430 1784 1498 1825 ἐπὶ
1521 1783 1737 1825 ἀδύνατον

11 1833 127 1921 ‘'sl-32
165 1857 404 1912 ἀμύνεσθαι
425 1858 553 1901 πόλιν
574 1857 796 1909 ἐρχόμεθα,
828 1856 938 1898 ἀλλὰ
968 1858 1059 1907 τοῖς
1092 1858 1225 1897 πᾶσιν
1258 1854 1413 1907 ἄριστα
1445 1864 1737 1906 παρεσκευασ-

133 1944 138 1968 ;
164 1930 311 1984 μένην,
343 1930 457 1972 ὥστε
489 1930 569 1982 χρὴ
602 1930 670 1971 καὶ
710 1928 823 1970 πάνυ
863 1928 1046 1971 ἐλπίζειν
1088 1927 1157 1969 διὰ
1197 1927 1332 1978 μάχης
1367 1927 1472 1968 ἰέναι
1504 1926 1662 1977 αὐτούς
1695 1926 1736 1967 ΙΙ

169 2002 239 2058 ιι,
270 2001 314 2045 6.
357 2001 456 2056 102,
489 2001 531 2044 3.
571 2001 609 2044 v
646 2001 743 2043 109.
809 2003 848 2053 β)
881 2005 978 2056 post
1010 1998 1176 2055 imperf.
1225 1999 1267 2040 11
1300 1998 1370 2052 98,
1404 1998 1445 2040 3.
1494 1998 1560 2039 111
1592 1998 1663 2051 23,
1695 1998 1737 2039 4.

50 2089 60 2102 ὲ
162 2074 211 2128 γ)
241 2078 340 2131 post
370 2087 460 2116 aor.
491 2071 580 2116 ind.
613 2073 674 2115 IV
707 2072 778 2126 85,
813 2073 852 2114 7.

309 2145 352 2189 2.
385 2144 552 2202 imperf.
605 2146 648 2198 α)
680 2149 778 2200 post
810 2144 976 2199 imperf.
1025 2144 1074 2185 τὸ
1107 2146 1232 2194 σῶμα
1263 2142 1430 2193 ἀντεῖχε
1463 2141 1578 2192 παρὰ
1610 2141 1740 2183 δόξαν

158 2218 542 2276 Ιέιιῇῳιάλαιπωρίιιι,
589 2218 702 2259 ὥστε
749 2217 774 2267 ἢ
823 2215 1120 2268 διεφθείροντο
1168 2215 1208 2256 οἱ
1245 2216 1440 2255 πλεῖστοι
1487 2213 1676 2254 ἐναταῖοι
1714 2212 1738 2263 ἢ

163 2288 354 2342 ὕστερον
401 2288 605 2344 ἀσθενείᾳ
651 2288 970 2341 ἀπεφθείροντο
1018 2287 1059 2328 ll
1097 2286 1169 2340 49,
1211 2286 1252 2328 6.
1301 2285 1367 2326 III
1404 2285 1470 2338 17,
1504 2285 1545 2325 2.
1593 2283 1663 2337 93,
1697 2283 1738 2325 3.

87 2363 89 2366 ’
162 2360 311 2416 ΗΞ),
341 2361 384 2404 4.
432 2361 517 2404 vn
548 2361 621 2415 44,
653 2360 695 2403 3.
734 2360 806 2414 44,
839 2360 880 2401 5.
961 2360 1001 2411 β)
1035 2363 1131 2414 post
1163 2371 1250 2399 aor.
1284 2356 1370 2398 ind.
1419 2357 1461 2398 11
1493 2356 1535 2410 4,
1568 2355 1609 2397 2.
1659 2355 1739 2397 vn

164 2433 243 2488 25,
276 2433 317 2477 7.
379 2433 423 2486 γ)
454 2437 553 2489 post
583 2432 723 2488 plusq.
757 2432 817 2474 ιν
850 2431 921 2484 83,
954 2431 996 2472 4.
1046 2430 1105 2471 vl
1137 2429 1207 2483 26,
1241 2429 1283 2470 2.

312 2505 355 2548 3.
387 2518 477 2548 aor.
515 2503 604 2547 ind.
669 2505 713 2556 α)
753 2508 850 2559 post
888 2515 1027 2556 praes.
1070 2500 1158 2543 ind.
1222 2501 1455 2551 ἐμπιπρᾶσι
1492 2499 1568 2549 τὰς
1607 2498 1740 2548 οἰκίας

100 2575 119 2605 ...¹
162 2577 419 2632 φειδόμενοι
451 2575 550 2619 οὔτε
588 2576 746 2626 οἰκείας
769 2574 868 2617 οὔτε
891 2574 1132 2625 ἀλλοτρίας,
1165 2573 1278 2614 ὥστε
1300 2572 1366 2613 καὶ
1388 2571 1580 2623 χρήματα
1602 2569 1742 2611 πολλὰ

43 2692 47 2699 ,
111 2677 114 2680 ·
164 2648 406 2701 κατεκαύθη
454 2648 520 2691 111
554 2648 624 2702 74,
657 2648 698 2690 2.
779 2649 818 2700 β)
858 2650 955 2702 post
1003 2644 1166 2700 imperf.
1214 2645 1256 2686 II
1297 2644 1367 2697 57,
1405 2644 1439 2684 1.
1502 2642 1566 2683 III
1599 2641 1669 2695 96,
1703 2641 1741 2682 3.

167 2720 232 2765 IV
262 2720 335 2776 55,
367 2721 407 2763 2.
453 2720 526 2774 68,
559 2720 598 2762 6.
647 2720 683 2762 V
706 2719 777 2773 42,
802 2719 841 2760 2.
903 2719 945 2770 γ)
978 2721 1074 2773 post
1107 2730 1192 2758 aor.
1225 2714 1310 2757 ind.
1342 2715 1362 2756 I
1395 2715 1436 2769 2,
1469 2713 1508 2755 6.
1541 2713 1582 2754 ΙΙ
1605 2712 1676 2766 48,
1699 2713 1740 2754 2.

167 2792 232 2837 1v
263 2793 335 2848 23,
368 2792 407 2835 2.
442 2792 541 2846 133,
574 2792 613 2834 2.

313 2864 354 2907 4.
386 2877 472 2907 aor.
505 2868 590 2920 opt.
624 2877 658 2906 c.
690 2862 761 2904 ἄν;
811 2862 876 2904 ἀεὶ
909 2861 978 2903 διὰ
1010 2861 1152 2912 φόβου
1185 2859 1266 2901 εἰσὶ
1299 2859 1352 2910 μή
1386 2870 1490 2899 ποτε
1528 2855 1742 2906 Ἀθηναῖοι

166 2936 321 2988 αὐτοῖς
352 2935 422 2978 ἐπὶ
454 2936 532 2988 τὴν
563 2935 691 2978 πόλιν
738 2934 937 2988 ἔλθωσιν,
980 2934 1093 2974 ὥστε
1131 2929 1223 2983 τάχ’
1264 2930 1318 2972 ἂν
1354 2929 1463 2980 ἴσως
1496 2928 1743 2979 ἐθελήσειαν

166 3006 273 3062 ,ἡμῖν
303 3007 461 3061 ἀμῦναι
492 3007 554 3050 VI
586 3006 657 3061 34,
691 3007 729 3048 2.
