2034 3458
876 342 1109 377 ..39-

207 459 316 516 sim„
363 474 473 516 quae
505 475 719 517 nunquam
753 463 866 505 ὥστε
899 464 1151 519 particulam
1185 464 1415 520 patiuntur,
1465 464 1525 516 ὡς
1560 477 1654 506 cum
1692 464 1779 507 infi-

206 533 340 576 nitivo
373 534 592 576 coniunxit
624 534 690 577 his
723 539 904 589 quatuor
936 536 1061 578 locis:

350 606 394 659 a)
440 605 673 648 infinitivus
712 606 838 648 finem
879 607 1060 650 actionis
1098 608 1318 662 exprimit:
1369 608 1575 659 ὀρύσσειν
1613 609 1779 650 ἐκέλευε

206 676 397 729 διώρυχα
427 681 478 732 τῇ
511 677 711 733 θαλάσσῃ
745 677 872 730 εὖρος
906 678 966 730 ὡς
1000 679 1079 720 δύο
1111 680 1309 730 τριήρεας
1350 680 1495 721 πλέειν
1535 680 1643 731 ὁμοῦ
1685 681 1779 722 ἐλα-

205 749 470 801 στρεομένας
503 749 586 791 VII
619 750 677 791 24
711 749 783 802 (ef.
818 750 860 791 Il
897 750 979 792 158
1014 752 1159 803 ὥστε).

349 819 393 873 b)
441 821 654 863 sententia
687 821 946 864 antecedens
978 821 1137 877 pendet
1170 837 1196 864 a
1230 823 1358 865 verbo
1392 823 1585 865 dicendi:
1621 823 1778 875 Ἄτλας

204 892 255 934 τὸ
287 890 392 944 ὄρος
426 891 598 943 ὑψηλὸν
630 891 745 934 οὕτω
779 895 830 944 δή
864 908 902 935 τι
935 894 1101 944 λέγεται
1134 894 1194 945 ὡς
1228 895 1304 945 τὰς
1328 895 1522 947 κορυφὰς
1546 895 1678 937 αὐτοῦ
1703 895 1781 937 οὐκ

202 962 273 1006 οἷά
304 977 351 1005 τε
384 962 492 1006 εἶναι
525 964 689 1006 ἰδέσθαι
722 965 783 1006 IV
808 965 907 1007 184.
943 965 1061 1017 (Sine
1085 979 1215 1008 eausa
1238 966 1502 1008 Hervverden
1535 966 1616 1009 hoc
1649 971 1778 1022 atque

203 1033 301 1078 aliis
331 1034 439 1078 locis
470 1035 584 1078 ὥστε
616 1036 806 1089 conicit.)

349 1107 389 1159 c)
437 1108 650 1150 sententia
682 1108 943 1151 antecedens
977 1114 1041 1151 est
1073 1110 1296 1164 negativa:
1345 1110 1370 1162 ἡ
1404 1109 1614 1162 Ῥοδῶπις
1647 1110 1780 1162 κάρτα

202 1178 497 1231 ἐπαφρόδιτος
531 1180 738 1231 γενομένη
773 1180 935 1231 μεγάλα
975 1181 1186 1232 ἐκτήσατο
1219 1183 1426 1233 χρήματα,
1469 1181 1576 1234 ἀτὰρ
1609 1183 1688 1224 οὐκ
1719 1184 1779 1234 ὥς

202 1263 253 1301 γε
273 1250 320 1302 ἐς
341 1251 560 1303 πυραμίδα
591 1251 795 1303 τοιαύτην
828 1253 1037 1295 ἐξικέσθαι
1070 1253 1115 1294 Π
1140 1253 1238 1295 135.
1304 1253 1570 1306 Μαιάνδριος
1594 1254 1779 1306 ὑπέλαβε

202 1321 281 1365 τὸν
313 1322 459 1377 λόγον,
493 1323 554 1374 ὡς
587 1324 663 1375 μὲν
696 1324 781 1374 ἐγὼ
815 1325 962 1374 δοκέω,
996 1325 1074 1366 οὐκ
1106 1325 1150 1376 ἐς
1183 1327 1312 1367 τοῦτο
1345 1325 1602 1378 ἀφροσύνης
1631 1326 1778 1368 ἀπικό-

203 1409 332 1448 μενος
365 1396 426 1448 ὡς
460 1396 579 1440 δόξαι
611 1398 689 1448 τὴν
721 1397 885 1439 ἑωυτοῦ
925 1397 1105 1449 δύναμιν
1145 1398 1419 1450 περιέσεσθαι
1458 1402 1534 1450 τῆς
1576 1400 1777 1451 βασιλέος

204 1466 274 1510 ΠΙ
298 1467 382 1510 146
416 1469 478 1521 (at
500 1467 577 1510 fut.
601 1468 688 1510 ind.
712 1469 731 1510 Ι
754 1469 869 1522 199).
935 1470 1001 1522 (In
1034 1469 1078 1511 II
1098 1470 1120 1512 7
1156 1470 1215 1521 ὡς
1239 1470 1427 1525 spurium
1450 1484 1542 1512 esse
1575 1470 1777 1523 videtur.)

346 1539 415 1582 Ex
446 1539 586 1582 modis
618 1540 732 1583 solus
764 1541 1024 1583 indicativus
1057 1542 1254 1594 occurrit,
1296 1555 1463 1597 semper
1495 1542 1777 1585 antecedente

204 1610 320 1654 οὕτω
352 1611 422 1654 vel
453 1611 569 1655 οὕτω
602 1613 653 1664 δή
677 1627 728 1667 τι,
763 1612 828 1655 his
856 1626 931 1655 sex
954 1613 1079 1655 locis:
1114 1614 1216 1664 τοὺς
1239 1612 1455 1665 Ἕλληνας
1478 1614 1633 1666 Πέλοψ
1656 1629 1775 1657 κατε-

201 1683 423 1735 στρέψατο
462 1683 578 1726 οὕτω
615 1684 676 1735 ὡς
716 1686 783 1726 καὶ
824 1686 868 1736 ἐς
907 1686 1006 1727 τόδε
1046 1685 1166 1727 αὐτοί
1205 1700 1250 1727 τε
1291 1685 1520 1737 ὥνθρωποι
1561 1687 1628 1728 καὶ
1665 1686 1690 1738 ἡ
1724 1690 1775 1739 γῆ

200 1754 345 1797 αὐτῶν
377 1755 595 1808 ἐπώνυμοι
616 1759 693 1798 τοῦ
724 1758 1134 1809 καταστρεψαμένου
1164 1758 1388 1799 καλέονται
1411 1758 1495 1800 VII
1521 1759 1588 1799 11.
1636 1758 1775 1811 τούτῳ

200 1830 262 1882 τῷ
308 1826 432 1879 ἀνδρὶ
480 1829 744 1880 προσφιλέες
793 1830 833 1871 οἱ
873 1830 1088 1880 Φωκαιέες
1137 1829 1252 1871 οὕτω
1293 1831 1344 1881 δή
1383 1845 1421 1871 τι
1463 1830 1676 1880 ἐγένοντο,
1717 1831 1777 1882 ὥς

199 1908 343 1951 σφεας
375 1899 544 1942 ἐκέλευε
575 1903 651 1952 τῆς
685 1901 849 1943 ἑωυτοῦ
883 1901 1026 1953 χώρης
1050 1902 1220 1953 οἰκῆσαι
1243 1901 1346 1943 ὅκου
1372 1902 1600 1954 βούλονται
1634 1903 1651 1944 1
1679 1903 1776 1944 163.

200 1969 417 2023 Ῥοδῶπις
450 1971 565 2014 οὕτω
598 1973 650 2024 δή
683 1987 721 2014 τι
754 1975 896 2024 κλεινὴ
940 1974 1111 2023 ἐγένετο
1144 1974 1203 2025 ὡς
1237 1975 1304 2015 καὶ
1337 1974 1376 2015 οἱ
1409 1974 1567 2025 πάντες
1616 1973 1776 2026 ιἸΞλλη-

200 2055 272 2094 νες
305 2042 548 2095 Ῥοδώπιος
581 2045 631 2086 τὸ
664 2044 829 2096 οὔνομα
861 2045 1067 2097 ἐξέμαθον
1100 2046 1143 2086 II
1179 2045 1276 2087 135.
1341 2045 1549 2097 ἐδωρέετο
1578 2046 1777 2098 Δημοκή-

201 2117 278 2157 δεα
309 2113 424 2157 οὕτω
457 2116 509 2167 δή
541 2130 580 2158 τι
614 2117 785 2168 δαψιλέι·
817 2120 956 2172 δωρεῇ
990 2117 1050 2168 ὡς
1083 2118 1185 2168 τοὺς
1219 2117 1544 2168 ἀποπίπτοντας
1577 2117 1664 2159 ἀπὸ
1691 2120 1778 2159 τῶν

199 2187 395 2240 φιαλέων
427 2191 644 2240 στατῆρας
678 2189 889 2240 ἑπόμενος
923 2189 947 2231 ὁ
981 2189 1146 2241 οἰκέτης
1187 2189 1421 2239 ἀνελέγετο·
1455 2190 1522 2231 καί
1562 2190 1602 2231 oi
1639 2193 1778 2241 χρῆμα

198 2259 366 2302 πολλόν
398 2274 436 2302 τι
468 2263 634 2312 χρυσοῦ
668 2261 904 2312 συνελέχθη
939 2261 1005 2303 ΙΙΙ
1031 2262 1129 2303 130.
1177 2261 1278 2302 VIII
1302 2261 1372 2303 99.

341 2335 439 2388 post
470 2332 725 2374 sententiam
757 2333 1025 2387 negativam:
1075 2333 1207 2375 ἐπεὰν
1245 2334 1291 2375 δὲ
1340 2337 1475 2388 μιχθῇ,
1523 2332 1775 2374 ἀποσιωσα-

199 2403 302 2454 μένη
335 2407 386 2459 τῇ
419 2407 503 2459 θεῷ
535 2403 863 2446 ἀπαλλάσσεται
904 2405 948 2456 ἐς
981 2405 1033 2446 τὰ
1066 2405 1186 2454 οἰκία,
1234 2406 1301 2446 καὶ
1342 2405 1461 2446 τώπὸ
1503 2405 1657 2446 τούτου
1699 2405 1777 2446 οὐκ

198 2473 314 2517 οὕτω
354 2475 461 2527 μέγα
499 2476 537 2517 τί
578 2476 618 2518 οἱ
659 2476 816 2527 δώσεις
858 2476 917 2527 ὥς
957 2477 1009 2531 (ᾧ
1043 2476 1254 2531 Kruegerl
1296 2491 1365 2527 μιν
1399 2476 1584 2527 λάμψεαι
1619 2477 1638 2518 Ι
1674 2477 1772 2518 199.

199 2546 257 2599 (v.
290 2560 332 2602 p.
364 2546 456 2600 50.)
519 2546 698 2600 (Quodsi
732 2547 921 2590 Thomas
968 2562 1010 2603 p.
1044 2547 1101 2589 45
1135 2561 1197 2602 sq.
1246 2552 1470 2603 praeterea
1510 2548 1635 2589 affert
1669 2548 1774 2589 VIII

198 2617 256 2660 56
294 2621 337 2661 et
375 2618 460 2661 VII
503 2619 601 2674 172,
642 2620 783 2675 priore
822 2620 916 2662 loco
958 2619 1071 2661 ὥστε
1113 2619 1225 2672 (eod.
1260 2619 1314 2673 R)
1364 2619 1633 2662 scribendum
1683 2632 1775 2661 esse

197 2687 302 2732 mihi
333 2689 516 2745 videtur,
565 2690 699 2733 altero
740 2691 975 2746 particulae
1008 2691 1068 2742 ὡς
1103 2691 1318 2733 causalem
1350 2691 1436 2733 vim
1469 2690 1608 2733 inesse
1639 2691 1775 2746 puto.)

342 2761 623 2817 Thucydides
669 2776 753 2804 uno
800 2762 895 2804 loco
937 2763 997 2813 ὡς
1046 2776 1122 2817 pro
1157 2764 1269 2804 ὥστε
1311 2775 1405 2804 cuni
1438 2761 1646 2804 infinitivo
1680 2776 1775 2804 con-

197 2832 355 2875 iunxit:
404 2835 759 2890 ναυμαχήσαντες
806 2834 1019 2876 ἀντίπαλα
1052 2836 1127 2886 μὲν
1161 2836 1228 2876 καὶ
1262 2835 1321 2886 ὼς
1355 2834 1513 2885 αὐτοὺς
1547 2834 1774 2885 ἑκατέρους

197 2903 346 2948 ἀξιοῦν
390 2907 512 2948 νικᾶν
557 2907 832 2958 διεκρίθησαν
871 2904 944 2948 ἀπ’
987 2905 1188 2957 ἀλλήλων
1221 2906 1305 2948 VII
1338 2906 1408 2960 34,
1433 2905 1474 2947 6.
1538 2905 1776 2947 Infinitivus

197 2980 426 3032 poneretur
463 2990 639 3020 neeesse
684 2982 789 3032 erat,
839 2977 939 3032 quia
983 2977 1197 3019 sententia
1242 2976 1517 3019 consecutiva
1557 2976 1717 3032 pendet
1750 2991 1776 3018 a

197 3047 440 3105 participio.
472 3047 624 3091 Modos
640 3053 736 3104 post
754 3049 814 3100 ὡς
831 3049 1147 3091 consecutivum
1164 3048 1444 3105 Thucydides
1462 3062 1543 3091 non
1562 3047 1770 3091 adhibuit.
