2034 3458
1038 332 1266 366 -50-

378 452 520 493 tentiis
552 451 745 493 finalibus
773 452 954 493 occurrit
987 452 1041 493 ef.
1060 451 1228 505 Weber7
1262 452 1835 508 Entwieklungsgesehichte
1857 453 1933 498 der

378 522 696 565 Absichtssatze
729 523 749 564 I
781 522 837 563 45
872 522 1127 576 (Wiirzburg
1162 523 1306 575 1884).

516 593 745 635 Praeterea
777 593 1006 635 infinitivus
1045 593 1282 648 postulatur
1319 598 1415 649 post
1454 594 1561 637 haee
1601 596 1939 640 enuntiationum,

376 677 546 719 genera,
581 677 689 718 quae
721 678 797 719 per
829 677 874 706 se
908 667 1121 706 constant:

519 736 556 776 1.
590 739 686 790 post
719 735 964 794 sententias,
999 748 1108 788 quae
1130 737 1375 789 negativum
1400 749 1566 778 sensum
1588 738 1806 793 praebent,
1839 751 1935 782 eum

517 807 560 858 α)
593 810 666 847 aut
706 794 977 860 negationem
1020 806 1284 848 contineant:
1334 807 1385 848 οὐ
1426 808 1501 858 μὲν
1541 808 1641 849 οὐδὲ
1679 809 1705 860 ἡ
1738 810 1934 862 βασιληίη

375 879 419 929 ἐς
438 877 717 929 Ἀλέξανδρον
740 879 912 929 περιήιε,
945 877 1059 919 ὥστε
1080 879 1284 930 γέροντος
1309 878 1505 930 Πριάμου
1528 879 1676 931 ἐόντος
1699 877 1765 922 ἐπ’
1788 880 1934 937 ἐκείνῳ

374 950 426 990 τὰ
458 949 682 1000 πρήγματα
714 948 821 990 εἶναι
853 949 953 990 Her.
988 949 1030 990 ΙΙ
1066 950 1162 991 120.
1595 984 1627 990 -

520 1021 558 1072 β)
593 1024 666 1062 aut
699 1019 1037 1074 comparativum
1071 1033 1165 1061 cum
1198 1020 1222 1071 ἤ
1258 1020 1547 1063 coniunctum:
1596 1021 1648 1063 τὰ
1687 1023 1763 1073 μὲν
1799 1021 1940 1074 οἰκήια,

378 1091 429 1142 ἦν
463 1092 571 1142 μέζω
605 1091 709 1133 κακὰ
740 1092 765 1142 ἢ
799 1092 910 1133 ὥστε
943 1091 1185 1133 ἀνακλαίειν
1218 1092 1317 1133 Her.
1351 1092 1416 1133 ΠΙ
1452 1093 1517 1134 14.

518 1163 560 1214 γ)
602 1166 675 1204 aut
714 1163 966 1204 sententiam
1007 1163 1353 1217 interrogativam
1402 1176 1526 1205 sensu
1571 1163 1772 1218 negativo
1817 1177 1937 1220 prae-

380 1233 535 1275 ditam:
584 1232 698 1275 τοῦτ’
741 1233 820 1275 οὖν
860 1233 977 1275 ἔστιν
1018 1233 1137 1284 ὅπως
1179 1248 1241 1284 τις
1283 1234 1335 1276 ἂν
1367 1234 1475 1286 ὑμᾶς
1507 1235 1780 1287 ἐξαπατήσαι,
1825 1235 1938 1278 ὥστε

376 1305 600 1357 ἐμβαίνειν,
634 1305 798 1347 ὁπόταν
830 1305 957 1355 νότος
991 1305 1116 1359 πνέῃ;
1148 1305 1258 1346 Xen.
1292 1305 1429 1347 Anab.
1464 1306 1501 1348 V
1535 1306 1574 1360 7,
1599 1306 1638 1348 7.

472 1418 474 1421 .
526 1377 676 1430 Neque
709 1381 850 1418 tamen
883 1375 1035 1418 desunt
1068 1377 1274 1431 exempla,
1324 1390 1432 1430 quae
1471 1382 1725 1432 repugnent:
1774 1377 1826 1420 οὐ
1857 1378 1938 1431 γὰρ

380 1449 430 1498 δὴ
454 1447 567 1489 οὕτω
599 1462 646 1498 γε
678 1449 976 1500 φρενοβλαβὴς
1009 1447 1061 1498 ἦν
1094 1447 1118 1489 ὁ
1150 1448 1343 1499 Πρίαμος
1377 1448 1477 1489 οὐδὲ
1509 1448 1548 1490 οἱ
1580 1448 1703 1490 ἄλλοι
1734 1449 1774 1491 οἱ
1804 1459 1938 1501 προσ-

380 1520 555 1570 ήκοντες
589 1520 715 1575 αὐτῷ,
749 1519 861 1560 ὥστε
893 1522 1006 1561 τοῖσι
1040 1520 1290 1571 σφετέροισι
1319 1520 1488 1570 σώμασι
1521 1521 1588 1561 καὶ
1619 1523 1732 1562 τοῖσι
1753 1520 1938 1563 τέκνοισι

380 1591 447 1631 καὶ
493 1595 543 1646 τῇ
591 1591 691 1632 πόλι
739 1590 998 1632 κινδυνεύειν
1045 1590 1289 1642 ἐβούλοντο,
1337 1590 1448 1641 ὅκως
1482 1578 1757 1642 Ἀλέξανδρος
1791 1590 1945 1647 Ἑλένῃ-

380 1662 590 1716 συνοικέῃ.
622 1662 723 1703 Her.
747 1662 789 1702 ΙΙ
815 1662 912 1703 120.
976 1662 1026 1702 οὐ
1059 1661 1138 1712 γὰρ
1172 1662 1222 1712 δὴ
1256 1661 1299 1712 ἐς
1333 1662 1518 1703 τοσοῦτό
1548 1676 1596 1712 γε
1618 1662 1811 1713 εὐηθείης
1833 1662 1936 1714 ἀνή-

381 1747 441 1774 κει
473 1735 613 1783 τοῦτο,
662 1733 773 1774 ὥστε
814 1733 925 1775 δόξει
963 1733 1035 1783 ἐμὲ
1073 1732 1188 1784 ὁρῶν
1221 1733 1271 1774 σὲ
1304 1731 1420 1774 εἶναι.
1453 1733 1553 1774 Her.
1587 1733 1670 1775 VII
1705 1733 1758 1775 16
1775 1748 1810 1784 γ.
1871 1734 1939 1775 καὶ

379 1804 498 1846 τώπὸ
531 1803 686 1845 τούτου
720 1805 798 1845 οὐκ
829 1803 942 1845 οὕτω
977 1805 1080 1855 μέγα
1111 1804 1149 1845 τί
1182 1804 1222 1845 0‘1
1254 1804 1409 1854 δώσεις
1435 1805 1494 1854 ὥς
1519 1818 1587 1855 μιν
1610 1803 1806 1855 λάμψεαι.
1836 1804 1937 1847 Her.

379 1876 397 1916 Ι
434 1876 530 1917 199.
593 1875 889 1925 ἀπελογοῦντο
923 1875 982 1925 ὡς
1016 1875 1093 1916 οὐκ
1124 1874 1177 1916 ἄν
1209 1889 1312 1916 ποτε
1352 1874 1465 1916 οὕτω
1505 1877 1637 1927 μῶροι
1668 1875 1780 1927 ἦσαν
1812 1875 1872 1927 ῶς
1904 1875 1940 1918 εἰ

378 1948 540 2000 ᾔδεσαν
574 1946 1003 1998 καταλαμβανόμενον
1037 1947 1112 1987 τὸν
1143 1946 1336 1997 Πειραιᾶ,
1369 1946 1415 1987 ἐν
1447 1950 1506 2001 τῷ
1539 1945 1658 1988 ἄστει
1690 1946 1743 1988 ἂν
1767 1946 1938 2006 ὑποχει-

379 2018 496 2068 ρίους
530 2018 687 2068 αὐτοὺς
720 2020 936 2068 παρεῖχον.
969 2017 1080 2059 Xen.
1114 2017 1223 2058 Hell.
1258 2017 1294 2058 V
1326 2017 1364 2066 4,
1387 2017 1458 2058 22.
1507 2017 1672 2068 Seume,
1706 2017 1777 2071 qui
1807 2031 1849 2073 p.
1881 2017 1953 2060 502

380 2094 601 2143 praeterea
641 2089 765 2130 affert
803 2088 951 2142 Eurip.
986 2087 1143 2129 Troad.
1178 2088 1277 2129 971.
1339 2087 1498 2129 Phoen.
1534 2088 1660 2130 1612.
1722 2087 1938 2144 Aristoph.

378 2160 489 2203 Nub.
508 2160 608 2202 977.
642 2159 817 2214 Antiph.
840 2159 881 2212 ἶ),
904 2159 976 2200 43.
1009 2159 1114 2214 Lys.
1141 2159 1207 2212 13,
1235 2159 1301 2200 18.
1340 2159 1448 2201 Isae.
1471 2159 1512 2212 4,
1536 2159 1606 2200 24.
1639 2159 1761 2201 Dem.
1782 2159 1850 2214 18,
1867 2159 1939 2215 30,
1989 2214 1991 2217 v

379 2230 656 2273 indicativum
689 2244 715 2271 a
747 2230 1024 2285 scriptoribus
1056 2229 1109 2271 ob
1143 2243 1235 2271 eam
1267 2243 1355 2271 rem
1387 2229 1487 2284 poni
1512 2233 1675 2282 censet,
1712 2234 1758 2272 ut
1789 2230 1940 2283 oratio·
1992 2219 1995 2221 ’

379 2316 491 2348 nem¹
521 2301 737 2343 fortiorem
785 2305 827 2343 et
873 2301 1078 2343 acriorem
1124 2300 1317 2342 reddant.
1380 2301 1514 2343 Recte
1546 2299 1729 2354 quidem.
1789 2301 1940 2359 Neque

380 2379 521 2415 tamen
554 2372 634 2414 hoo
665 2371 977 2427 neglegendum
1011 2376 1087 2426 est,
1122 2370 1234 2425 quod
1266 2386 1318 2414 ne
1350 2376 1446 2427 post
1477 2372 1682 2427 positivas
1710 2371 1942 2415 sententias

380 2443 549 2497 quidem
582 2443 840 2485 indicativus
873 2443 1001 2484 futuri
1035 2445 1175 2497 (quenl
1207 2443 1385 2497 legimus
1417 2443 1517 2485 Her.
1541 2443 1623 2485 VII
1648 2443 1701 2485 16
1718 2457 1756 2493 γ.
1794 2443 1815 2484 Ι
1840 2443 1939 2496 199)

380 2518 421 2557 et
453 2514 746 2570 imperfectum
780 2528 873 2556 cuni
908 2513 961 2555 ἄν
995 2513 1264 2556 coniunctum
1298 2514 1428 2567 (quod
1461 2517 1600 2556 exstat
1631 2513 1740 2556 Xen.
1770 2513 1880 2556 Hell.
1902 2513 1940 2556 V

379 2587 420 2639 4,
443 2586 517 2638 22)
549 2586 609 2627 ita
640 2585 835 2640 usurpari
868 2585 1016 2639 solent,
1048 2589 1095 2626 ut
1125 2593 1367 2640 pronomen
1389 2585 1456 2627 vel
1489 2584 1739 2627 adverbium
1772 2583 1940 2627 demon-

380 2657 600 2698 strativum
634 2656 881 2709 anteeedat3
916 2671 956 2698 v.
989 2670 1031 2711 p.
1064 2656 1120 2697 55
1146 2669 1238 2709 sqq.
1302 2655 1584 2706 Quamobrem
1606 2654 1650 2697 in
1671 2654 1753 2698 hoe
1774 2667 1943 2709 quoque

379 2741 457 2769 usu
489 2728 824 2782 comparativam
857 2729 969 2769 ὥστε
1001 2727 1236 2782 particulae
1268 2726 1353 2768 vim
1384 2725 1673 2781 praevaluisse
1703 2729 1820 2781 puto.
1939 2775 1942 2780 ⁵

522 2798 629 2840 Ann.
694 2799 797 2840 Post
829 2798 1062 2840 sententias
1093 2797 1424 2851 interrogativas
1456 2797 1682 2851 simplices,
1732 2809 1841 2850 quae
1871 2810 1940 2839 ne-

380 2883 461 2922 que
507 2868 694 2924 pendent
739 2883 764 2911 a
812 2870 952 2911 verbis
1000 2868 1289 2923 interrogandi
1338 2868 1430 2910 sim.
1470 2880 1607 2921 neque
1647 2881 1772 2910 sensu
1809 2881 1939 2922 nega-

380 2941 468 2982 tivo
501 2944 597 2982 sunt
628 2939 864 2995 praeditae,
899 2944 940 2981 et
971 2954 997 2982 a
1029 2935 1241 2995 Sophocle
1274 2939 1341 2992 (O.
1359 2939 1411 2980 R.
1434 2938 1538 2991 533)
1573 2942 1615 2980 et
1646 2939 1700 2981 ab
1722 2937 1958 2981 Herodotov

381 3015 423 3056 et
455 3026 480 3055 a
513 3010 768 3070 Thucydide
801 3015 843 3055 et
875 3025 900 3055 a
931 3010 1213 3068 Xenophonte
1245 3009 1502 3054 indicativus
1524 3008 1714 3068 ponitur:
1750 3007 1804 3053 Ὢ
1826 3011 1934 3056 ξεῖνε
