2034 3458
1017 315 1249 355 260-

355 439 448 483 loco
482 439 710 483 infinitivus
744 438 869 481 futuri
904 454 955 482 cx
988 439 1220 482 indicativo
1253 439 1379 482 futuri
1409 439 1610 483 orationis
1632 444 1774 484 rectae
1795 440 1912 484 ortus

356 525 447 554 esse
479 511 579 552 mihi
614 510 800 563 videturg
834 525 931 566 nam
955 510 1082 552 futuri
1104 510 1381 554 indicativum
1403 510 1682 554 antecedente
1703 510 1909 555 adverbio
1938 498 1947 568 ,Α

356 582 686 624 demonstrativo
727 581 857 634 (οὕτω
891 592 941 623 σε
974 581 1158 623 ἀσθενέα
1190 583 1369 633 ποιήσω,
1402 583 1514 624 ὥστε
1547 585 1622 624 τοῦ
1656 585 1808 627 λοιποῦ
1842 583 1911 627 καὶ

354 654 551 704 γυναῖκές
575 663 624 694 σε
647 653 857 703 εὐπετέως
891 653 939 694 τὸ
971 653 1075 703 γόνυ
1110 653 1160 694 οὐ
1195 654 1423 705 βρέχουσαι
1446 654 1739 706 διαβήσονται)
1770 666 1911 699 rarum

355 738 446 767 esse
478 738 604 779 supra
639 725 696 778 (p.
719 724 776 765 55
799 725 879 776 sq.)
913 724 1240 765 commemoravi
1273 728 1402 777 atque
1435 723 1589 766 Seume
1621 725 1712 780 ipse
1742 737 1912 779 quoque

356 798 412 850 (1).
436 796 510 847 58)
544 794 752 837 concedit.
816 795 949 836 Immo
997 794 1040 835 in
1088 794 1279 836 oratione
1327 799 1444 836 recta
1491 795 1782 850 exspectanda
1821 800 1913 839 erat

355 866 584 908 infinitivus
615 865 849 920 praesentis
882 866 949 907 vel
981 866 1124 907 aoristi
1158 864 1288 918 (οὕτω
1322 875 1371 907 σε
1403 865 1588 907 ἀσθενέα
1609 858 1778 918 ποιήσω
1800 865 1914 910 ὥστε

356 940 431 979 τοῦ
474 939 624 978 λοιποῦ
664 938 730 978 καὶ
769 936 972 987 γυναῖκάς
1013 947 1063 977 σε
1102 937 1311 987 εὐπετέως
1352 938 1400 978 τὸ
1438 937 1542 986 γόνυ
1583 937 1634 979 οὐ
1676 937 1914 990 βρεχούσας

357 1010 581 1062 διαβῆναι),
616 1021 738 1061 quem
773 1008 1006 1049 invenimus
1039 1007 1285 1062 saepissime
1318 1008 1486 1049 notione
1518 1008 1647 1050 futuri
1676 1007 1915 1064 praeditum

356 1080 561 1134 imprimis
607 1083 837 1133 praeeunte
885 1079 1023 1120 futuro
1073 1078 1125 1120 cf.
1160 1079 1260 1120 Her.
1295 1079 1315 1120 I
1351 1079 1432 1120 116
1465 1080 1548 1129 ἐγὼ
1580 1081 1714 1121 ταῦτα
1743 1080 1915 1132 ποιήσω

357 1151 468 1192 ὥστε
501 1151 551 1191 σε
584 1151 650 1191 καὶ
683 1151 759 1191 τὸν
791 1153 924 1191 παῖδα
955 1151 1031 1191 τὸν
1063 1151 1145 1191 σὸν
1178 1151 1307 1201 μηδὲν
1341 1151 1647 1202 ἐπιμέμφεσθαι
1686 1150 1787 1192 Her.
1820 1150 1842 1192 Ι
1872 1150 1914 1193 9.

356 1222 415 1263 IV
442 1222 537 1262 136.
592 1221 874 1275 Negationem
907 1221 957 1262 οὐ
990 1226 1131 1262 autem
1164 1225 1206 1263 et
1238 1221 1281 1262 in
1313 1221 1502 1263 oratione
1534 1226 1651 1263 recta
1683 1226 1724 1263 et
1753 1221 1795 1264 in
1825 1234 1916 1264 ora-

357 1294 469 1334 tione
502 1293 674 1346 obliqua
706 1293 758 1334 ob
792 1306 886 1334 eam
919 1305 1090 1334 causam
1122 1293 1303 1347 positam
1338 1306 1429 1334 esse
1461 1297 1577 1348 puto,
1626 1305 1750 1346 quam
1790 1292 1916 1335 affert

361 1364 565 1406 Schaefer
598 1366 653 1416 (v.
688 1363 841 1406 Seume
873 1378 913 1418 p.
938 1364 1031 1416 62):
1066 1363 1136 1405 (οὐ
1170 1364 1230 1406 sic
1263 1364 1432 1418 tuearis,
1465 1368 1511 1406 ut
1533 1363 1652 1406 dicas
1673 1364 1763 1406 eius
1783 1363 1916 1406 notio-

360 1449 455 1477 nem
503 1449 597 1477 cum
644 1435 813 1476 notione
861 1435 1074 1488 sequentis
1120 1435 1334 1490 participii
1375 1435 1627 1477 coalescere.
1705 1435 1818 1478 Sane
1863 1434 1915 1478 οὐ

364 1507 600 1559 βρεχούσας
633 1507 682 1548 τὸ
714 1507 818 1556 γόνυ
848 1506 960 1553 >nihil
1000 1506 1114 1548 aliud
1153 1510 1216 1548 est
1254 1520 1379 1559 quam
1426 1506 1638 1558 ἀβρόχους
1685 1507 1735 1548 τὸ
1780 1505 1918 1556 γόνυ’.

362 1578 526 1619 Eadem
572 1578 735 1619 ratione
775 1577 1029 1632 explicanda
1062 1582 1141 1620 est:
1189 1578 1224 1619 εἰ
1257 1578 1302 1619 δέ
1334 1591 1396 1628 τις
1430 1578 1561 1620 οἴεται
1593 1578 1725 1620 αὐτὸν.
1757 1577 1918 1629 ἐλέγχε-

363 1653 461 1690 σθαι
501 1650 595 1700 περὶ
635 1651 709 1689 τοῦ
750 1649 969 1699 δαιμονίου
1010 1649 1288 1700 ψευδόμενον,
1337 1648 1586 1699 ἐννοησάτω
1625 1651 1799 1700 πρῶτον
1843 1649 1918 1700 μὲν

364 1720 428 1761 ὅτι
460 1719 598 1770 οὕτως
631 1721 710 1771 ἤδη
743 1720 839 1761 τότε
871 1721 1019 1771 πόρρω
1051 1723 1125 1771 τῆς
1158 1720 1319 1770 ἡλικίας
1352 1719 1404 1770 ἦν
1437 1718 1539 1761 ὥστ’
1573 1720 1608 1761 εἰ
1639 1721 1706 1762 καὶ
1734 1721 1788 1771 μὴ
1810 1719 1918 1770 τότε,

364 1792 441 1833 οὐκ
473 1791 524 1832 ἂν
557 1794 704 1846 πολλῷ
744 1790 926 1842 ὕστερον
965 1794 1212 1842 τελευτῆσαι
1244 1792 1320 1832 τὸν
1354 1791 1458 1842 βίον.
1507 1790 1631 1845 [Xen.
1666 1791 1825 1833 Comm.
1857 1790 1927 1834 IV

365 1866 404 1916 8,
431 1862 483 1916 1.]
547 1863 687 1904 Verba
720 1863 770 1903 οὐ
803 1865 950 1918 πολλῷ
984 1862 1166 1914 ὕστερον
1199 1863 1259 1904 ita
1292 1862 1532 1915 cohaerere,
1572 1866 1619 1904 ut
1649 1861 1762 1904 idem
1793 1861 1920 1917 signi—

362 1934 487 1976 ficent
521 1933 633 1987 quod
665 1933 795 1989 ὀλίγῳ
829 1933 1023 1985 ὕστερον,
1055 1927 1181 1975 nemo
1209 1934 1443 1988 negaverit.

504 2005 787 2059 Negationem
827 2006 879 2056 μὴ
919 2005 969 2046 οὐ
1010 2009 1104 2059 post
1148 2005 1393 2059 negativum
1440 2005 1614 2047 verbum
1659 2002 1953 2060 impediendi„

362 2076 567 2130 usurpari,
601 2076 672 2118 ubi
704 2081 847 2118 nostra
878 2076 1023 2130 lingua
1054 2077 1281 2131 negatione
1313 2090 1396 2117 non
1427 2076 1571 2130 utitur,
1604 2089 1732 2131 supra
1763 2076 1821 2131 (p.
1843 2075 1918 2128 46)

363 2148 701 2189 commemoravi.
787 2148 869 2189 Pro
910 2147 1089 2202 simplici
1129 2148 1355 2201 negatione
1393 2147 1533 2202 posita
1573 2151 1637 2189 est
1673 2151 1769 2202 post
1808 2145 1921 2189 ὥστε

364 2219 678 2260 consecutivum
711 2218 860 2260 eadem
894 2219 1056 2260 ratione
1088 2232 1171 2272 qua
1193 2219 1234 2259 in
1257 2218 1359 2260 aliis·
1373 2218 1612 2260 sententiis:
1646 2217 1757 2260 πολὺ
1781 2215 1817 2259 δ’
1841 2217 1921 2268 οὐχ

364 2289 457 2330 οἷόν
492 2303 536 2330 τε
569 2292 817 2343 μετακινεῖν,
851 2289 963 2331 ὥστε
996 2290 1048 2340 μὴ
1084 2290 1177 2340 οὐχὶ
1209 2293 1283 2340 τῆς
1318 2290 1599 2340 δημοκρατίας
1639 2288 1839 2341 ἀφαιρεῖν
1870 2302 1920 2330 τι.

365 2361 472 2401 Xen.
506 2361 586 2415 Rp.
621 2360 718 2402 Ath.
752 2362 792 2415 ὃ,
817 2361 856 2402 8.

748 3028 771 3030 ⁷-
789 3028 921 3075 Βόιιιιειυ
942 3048 1032 3081 typis
1053 3028 1164 3074 Caroli
1185 3047 1304 3080 Georgi
1327 3049 1395 3081 typ.
1415 3046 1506 3074 acad.
