2034 3458
857 336 1064 371 „5-

259 456 422 502 Phoen.
455 457 543 500 478
593 457 774 509 ἐξῆλθον
807 457 887 500 ἔξω
920 455 1041 508 τῆσδ’
1076 457 1185 499 ἑκὼν
1218 457 1348 508 αὐτὸς
1382 455 1551 508 χθονός,

595 530 699 580 δοὺς
723 527 822 584 τῷδ’
847 529 1057 571 ἀνάσσειν
1090 530 1295 581 πατρίδος
1329 530 1526 570 ἐνιαυτοῦ
1559 527 1726 577 κύκλον,

595 599 698 642 ὥστ’
733 601 864 652 αὐτὸς
898 601 1044 653 ἄρχειν
1078 601 1199 652 αὖθις
1233 600 1315 642 ἀνὰ
1348 600 1475 651 μέρος
1509 599 1653 651 λαβών

593 674 661 714 καὶ
694 674 747 724 μὴ
781 671 834 715 δι’
869 673 1023 725 ἔχθρας
1057 676 1166 728 τῷδε
1199 674 1266 714 καὶ
1299 673 1440 724 φόνου
1473 674 1630 722 μολεῖν.

308 745 343 788 1.
382 743 428 787 A.
461 744 545 787 357
955 746 1051 786 τίνα
1083 746 1130 786 δὲ
1162 744 1300 795 πόρον
1333 743 1445 795 εὕρω
1478 743 1629 792 πόθεν;

595 816 708 858 ὥστε
735 818 788 868 μὴ
812 817 1042 868 στερέντας
1065 816 1199 868 ἀρχῆς
1223 815 1435 858 ἀπολέσαι
1458 815 1590 856 καλὸν
1614 814 1749 865 κλέος.

243 889 393 946 Suppl.
431 889 541 931 1111
594 891 705 940 μισῶ
739 886 776 930 δ’
811 888 909 930 ὅσοι
943 890 1174 943 χρῄζουσιν
1207 888 1408 930 ἐκτείνειν
1443 887 1536 939 βίον

489 973 492 976 ·
597 963 802 1013 βρωτοῖσι
834 975 901 1002 και
934 963 1108 1002 ποτοῖσι
1141 961 1208 1002 καὶ
1241 959 1479 1011 μαγεύμασι

594 1033 962 1084 παρεκτρέποντες
997 1032 1150 1084 ὀχετὸν
1183 1031 1296 1074 ὥστε
1329 1033 1382 1083 μὴ
1415 1033 1572 1073 θανεῖν.

316 1104 424 1148 Hcc.
457 1103 544 1146 248
593 1103 674 1146 Ἑκ.
721 1105 760 1146 τί
793 1102 882 1156 δῆτ’
917 1104 1063 1156 ἔλεξας
1098 1106 1256 1155 δοῦλος
1289 1104 1352 1145 ὢν
1384 1103 1484 1155 ἐμὸς
1518 1102 1633 1151 τότε;

174 1233 177 1237 ἱ
597 1175 682 1218 ’.οδ
727 1178 904 1218 πολλῶν
938 1176 1081 1226 λόγων
1114 1173 1328 1227 εὑρήμαθζ
1362 1174 1475 1216 ὥστε
1508 1175 1561 1225 μὴ
1595 1175 1751 1215 θανεῖν.

174 1247 262 1293 Vis,
282 1247 423 1291 finalis
455 1246 664 1290 infinitivo
697 1248 835 1290 inesse
870 1246 1083 1290 censenda
1116 1252 1181 1290 est
1213 1247 1344 1290 etiam
1375 1250 1472 1302 post
1504 1240 1634 1287 verba
1667 1244 1751 1287 effi-

176 1318 318 1364 ciendi
350 1319 452 1362 Eur.
486 1319 578 1362 Alc.
612 1319 700 1362 298
733 1319 845 1362 ἀλλὰ
876 1322 1011 1362 ταῦτα
1043 1321 1118 1371 μὲν
1151 1322 1262 1361 θεῶν
1294 1333 1357 1370 τις
1390 1319 1618 1369 ἐξέπραξεν
1644 1314 1750 1358 ὥσθ’

177 1390 319 1444 οὕτως
359 1390 484 1444 ἔχειν,
532 1390 790 1434 decernendi
831 1391 964 1447 Soph.
1003 1391 1076 1434 OC
1111 1391 1226 1433 1350
1274 1393 1448 1433 δικαιῶν
1495 1387 1598 1431 ὥστ’
1648 1389 1751 1440 ἐμοῦ

175 1463 320 1508 κλύειν
362 1463 539 1515 λόγους,
587 1463 883 1506 commovendi
916 1463 1017 1505 Eur.
1051 1463 1146 1505 Hel.
1183 1463 1297 1504 1040
1340 1462 1533 1512 πείσειας
1579 1460 1632 1502 ἄν
1672 1457 1750 1502 τιν’

178 1521 336 1588 οἵτινες
368 1535 639 1588 τετραζύγων
672 1534 789 1587 ὄχων
821 1533 1064 1577 ἀνάσσουσ’
1099 1535 1212 1577 ὥστε
1245 1539 1334 1590 νῷν
1367 1536 1517 1575 δοῦναι
1550 1533 1753 1585 δίφρους;

178 1607 436 1666 prohibendi
468 1607 569 1650 Eur.
604 1608 638 1649 I.
671 1607 723 1649 T.
760 1607 873 1650 1378
905 1605 998 1649 ἀλλ’
1033 1606 1177 1658 εἶργον
1208 1607 1319 1658 ἡμᾶς
1351 1606 1520 1649 τοξόται
1558 1605 1753 1657 πρύμνης

178 1678 249 1730 ἔπι
293 1673 526 1732 σταθέντες
572 1679 671 1731 ἰοῖς,
719 1677 823 1721 ὥστ’
865 1678 1116 1721 ἀναστεῖλαι
1155 1679 1326 1730 πρόσω,
1370 1676 1619 1734 paciscendi
1652 1677 1752 1719 Eur.

181 1751 344 1796 Phoen.
376 1751 460 1794 591
498 1752 550 1794 οὐ
582 1752 663 1803 γὰρ
697 1751 750 1793 ἂν
782 1754 1012 1803 ξυμβαῖμεν
1045 1750 1189 1801 ἄλλως
1221 1751 1247 1802 ἢ
1282 1748 1341 1792 ’πὶ
1373 1752 1464 1801 τοῖς
1505 1750 1754 1801 εἰρημένοις,

120 1831 124 1836 ’
179 1821 284 1867 ὥστ’
317 1824 391 1876 ἐμὲ
423 1824 656 1876 σκήπτρων
689 1826 929 1875 κρατοῦντα
961 1820 1082 1874 τῆσδ’
1116 1820 1261 1864 ἄνακτ’
1296 1821 1404 1864 εἶναι
1436 1822 1605 1873 χθονός.

322 1895 428 1939 Post
459 1894 569 1938 haec
600 1895 733 1937 verba
764 1908 979 1949 nunquam
1004 1894 1275 1936 inveniuntur
1297 1897 1491 1950 tempora
1512 1893 1645 1945 finita,
1679 1891 1755 1934 sed

178 1980 349 2024 semper
394 1967 649 2021 infinitivus,
699 1966 915 2009 ‘nimirum
963 1966 1064 2020 quia
1110 1965 1180 2008 hic
1218 1979 1244 2008 a
1282 1966 1412 2008 verbo
1459 1964 1623 2020 regenti
1670 1978 1754 2006 non

178 2039 318 2083 minus
348 2025 526 2096 pendet,¹
557 2039 593 2082 si
626 2038 741 2081 ὥστε
774 2038 957 2094 ponitur,
993 2051 1118 2092 quam
1152 2037 1186 2079 si
1220 2037 1355 2079 deest'
1392 2036 1565 2089 (Semne
1596 2051 1638 2092 p.
1665 2037 1755 2088 30).

323 2110 653 2154 Consecutivum
688 2110 802 2152 ὥστε
834 2111 964 2165 igitur
995 2110 1130 2151 solum
1171 2115 1341 2165 praeter
1380 2107 1634 2150 infinitivum
1672 2122 1757 2150 mo-

180 2181 260 2227 dos
291 2182 432 2226 finitos
465 2182 668 2225 admittit.
733 2182 916 2225 Causam
950 2187 1105 2235 autem,
1140 2195 1215 2223 cur
1247 2180 1402 2223 Graeci
1435 2179 1584 2222 modos
1617 2179 1757 2222 finitos

179 2267 340 2312 ponere
371 2253 623 2311 inciperent,
658 2260 773 2296 recte
807 2254 1046 2309 explicasse
1078 2252 1180 2295 mihi
1213 2252 1382 2295 videtur
1415 2252 1568 2294 Seume
1601 2266 1642 2307 p.
1674 2251 1754 2293 40:

180 2326 408 2370 ‘infinitivo
447 2326 768 2383 exprimebatur
812 2331 975 2367 tantum
1021 2338 1109 2366 rem
1153 2325 1340 2378 aliquam
1386 2324 1587 2378 consequi
1633 2336 1756 2378 posse

180 2398 250 2442 vel
281 2399 485 2456 potuisse,
517 2403 658 2440 utrum
691 2411 736 2440 re
770 2411 872 2440 vera
905 2402 1134 2439 consecuta
1167 2401 1279 2439 esset
1311 2409 1458 2449 necne,
1492 2394 1755 2437 nullomodo

182 2469 468 2525 indicabatur,
501 2469 579 2513 sed
611 2469 894 2526 supplendum
928 2474 1039 2521 cratg
1075 2468 1181 2511 haec
1214 2468 1324 2510 ratio
1357 2467 1413 2509 ad
1438 2468 1759 2510 consecutiones

181 2541 227 2586 in
255 2541 374 2586 facto
404 2542 568 2598 positas
600 2541 901 2598 exprimendas
924 2547 1074 2597 postea
1096 2554 1180 2582 non
1203 2539 1453 2594 sufficiebat,
1487 2539 1562 2582 sed
1584 2552 1758 2581 necesse

182 2602 413 2658 videbatur
452 2627 527 2657 eas
567 2614 809 2657 accuratius
850 2612 1055 2668 distingui
1097 2612 1358 2668 temporibus
1397 2611 1558 2653 finitis'.
1635 2610 1758 2661 Quod

183 2699 310 2742 quem
341 2691 458 2729 recte
490 2685 653 2729 dictum
685 2685 753 2740 sit,
799 2684 898 2727 inde
932 2697 1191 2739 cognoscere
1223 2683 1336 2738 licet,
1384 2683 1497 2737 quod
1530 2682 1645 2738 apud
1678 2687 1756 2724 tra-

183 2757 306 2814 gicos
336 2762 489 2814 poetas
521 2757 693 2812 quidem
726 2771 780 2799 ex
813 2756 1008 2799 infinitivi
1051 2756 1312 2811 temporibus
1352 2755 1517 2797 nonnisi
1558 2767 1760 2810 praesens

183 2829 309 2887 (perf.
331 2831 414 2886 pr.)
447 2834 490 2872 ct
522 2830 707 2872 aoristus
730 2829 842 2871 ὥστε
866 2828 1117 2884 particulam
1142 2833 1386 2882 sequuntur,
1422 2839 1515 2869 cum
1539 2825 1758 2867 modorum

182 2901 397 2945 finitorum
436 2906 631 2958 tempora
671 2900 756 2943 sint
796 2905 838 2943 et
878 2913 1080 2956 praesens
1129 2906 1171 2941 et
1210 2899 1375 2955 imperf.
1417 2903 1459 2940 et
1498 2898 1679 2940 aoristus
1718 2902 1760 2939 et.

183 2973 422 3030 perfectum
454 2977 497 3016 et
529 2973 730 3016 futurum.

328 3045 479 3100 Neque
502 3050 644 3087 tamen
667 3043 781 3086 modi
806 3043 911 3086 finiti
935 3057 1054 3085 usum
1080 3042 1274 3085 infinitivi
1298 3042 1601 3098 suppleverunt
1631 3039 1754 3094 adeo,
