2034 3458
861 329 1070 366 -3-

320 447 400 492 His
439 438 607 492 centum
647 450 882 505 nonaginta
923 451 1107 505 quinque
1147 451 1355 506 exemplis
1394 452 1529 494 solum
1570 457 1753 506 quatuor

179 523 225 564 et
254 520 566 576 quinquaginta
597 522 794 577 opposita
827 527 936 575 sunt,
971 536 1080 576 quae
1103 522 1216 565 ὥστε
1248 523 1502 578 particulam
1538 537 1632 566 eum
1666 538 1752 565 mo-

178 590 248 636 dis
276 591 408 635 finitis
439 592 710 635 coniunctam
743 593 962 636 exhibent.

315 687 359 730 2.
422 687 536 730 ὥστε
569 689 777 744 particula
812 702 905 731 eum
940 689 1077 731 modis
1109 688 1239 731 finitis
1271 689 1498 732 coniuncta
1531 694 1614 731 est:

1223 909 1246 940 c.
1212 836 1246 881 ἄν

1330 909 1354 940 c.
1320 836 1354 882 ἄν

1654 810 1689 969 Summa
1672 775 1702 778 ss

1164 816 1209 971 imperf.
1165 775 1174 777 ¹

1263 899 1306 983 aer.
1271 797 1306 875 ind.

1404 857 1449 993 imper.
1415 775 1449 841 pr.‡

177 1321 320 1376 (Quod
351 1323 515 1365 numeri
548 1337 574 1364 a
605 1335 673 1364 mc
705 1322 821 1364 allati
855 1335 937 1364 non
972 1327 1210 1376 congruunt
1249 1335 1343 1364 cum
1383 1322 1456 1369 cis,
1506 1335 1612 1375 quos
1648 1320 1754 1363 Fell-

177 1406 306 1437 mann
337 1407 380 1450 p.
403 1393 475 1436 28.
498 1394 570 1436 51.
594 1394 651 1436 69
674 1393 807 1446 dedit,
842 1406 991 1435 moneo
1024 1406 1091 1434 me
1124 1393 1178 1434 ab
1212 1393 1325 1434 ὥστε
1354 1393 1591 1448 particulae
1614 1405 1752 1434 exem-

179 1465 264 1522 plis
295 1465 356 1517 ὡς
388 1464 643 1521 particulam
677 1464 933 1513 seiunxisse;
968 1464 1022 1506 dc
1055 1477 1138 1518 qua
1171 1463 1270 1506 vide
1302 1478 1343 1519 p.
1377 1463 1434 1506 38
1468 1466 1579 1517 sqq.)

242 1531 244 1533 ’
321 1536 390 1590 (In
423 1535 607 1579 citandis
639 1536 898 1590 tragicorum
938 1535 1044 1578 locis
1083 1549 1182 1578 usus
1221 1549 1312 1577 sum
1353 1534 1540 1577 editione
1575 1533 1753 1576 Dindor-

177 1606 292 1651 flaua
322 1607 375 1650 V.
408 1607 584 1664 Lipsiae
619 1608 766 1660 1869.)

323 1680 416 1722 Iam
446 1679 482 1722 si
516 1680 771 1734 quaerimus,
806 1685 899 1721 utra
933 1679 1191 1722 constructio
1225 1678 1338 1720 ὥστε
1370 1678 1606 1733 particulae
1639 1677 1754 1733 prior

177 1750 319 1806 fuerit,
351 1750 480 1794 facile
513 1765 566 1793 ex
600 1751 773 1793 Homeri
807 1756 849 1792 et
882 1750 1083 1806 Aeschyli
1116 1763 1194 1792 usu
1226 1749 1415 1804 intellegi
1449 1753 1588 1804 potest
1621 1748 1753 1790 intini-

178 1823 311 1867 tivum
344 1822 484 1866 modis
515 1822 775 1879 praecedere
808 1823 863 1865 cf.
898 1822 1053 1864 Semne
1085 1836 1126 1877 p.
1161 1822 1231 1863 39.

322 1894 464 1950 Atque
497 1894 611 1950 apud
642 1894 902 1950 Aeschylum
936 1894 1168 1936 infinitivus
1201 1908 1281 1935 non
1315 1893 1448 1935 solum
1481 1892 1594 1934 finali
1629 1905 1752 1934 sensu

177 1965 400 2024 praeditus
431 1971 508 2021 est,
542 1971 588 2008 ut

237 2049 362 2093 Eum.
397 2050 454 2093 83
1133 2049 1325 2100 μηχανὰς
1359 2049 1611 2099 εὑρήσομεν,

196 2131 200 2134 ’
497 2119 601 2163 ὥστ’
636 2122 681 2173 ἐς
714 2122 764 2163 τὸ
797 2123 883 2162 πᾶν
916 2131 966 2163 σε
999 2119 1126 2162 τῶνδ’
1163 2119 1402 2162 ἀπαλλάξαι
1436 2120 1595 2161 πόνων.

179 2212 254 2248 aut
284 2218 373 2248 rem
405 2204 583 2262 indicat,
618 2219 727 2259 quae
761 2205 962 2258 consequi
995 2204 1127 2260 possit
1162 2204 1227 2245 vel
1262 2218 1344 2244 non
1378 2203 1525 2258 possit,
1560 2208 1603 2243 ut

305 2289 389 2345 Ag!
421 2289 509 2332 632
557 2289 636 2331 οὐκ
668 2288 785 2331 οἶδεν
818 2289 973 2339 οὐδείς,
1007 2285 1110 2329 ὥστ’
1145 2288 1392 2337 ἐπαγγεῖλαι
1426 2289 1565 2338 τορῶς

241 2360 508 2418 Coeph.526
556 2361 582 2413 ἦ
615 2362 682 2402 καὶ
715 2361 908 2402 πέπυσθε
941 2359 1112 2411 τοῦναρ,
1145 2357 1248 2400 ὥστ’
1285 2358 1425 2410 ὀρθῶς
1459 2358 1642 2410 φράσαι;

181 2444 258 2490 sed
290 2446 419 2488 etiam
452 2445 654 2501 exprimit
686 2458 773 2486 rem
808 2444 992 2498 aliquam
1028 2457 1071 2485 rc
1107 2457 1207 2485 vera
1241 2448 1510 2484 consecutam
1545 2456 1650 2493 esse,
1685 2449 1728 2483 ut

271 2529 390 2573 Pers.
422 2529 511 2571 244
558 2528 644 2571 Ἄτ.
697 2531 790 2579 πῶς
825 2528 878 2569 ἂν
910 2527 989 2569 οὖν
1023 2527 1191 2578 μένοιεν
1217 2526 1378 2577 ἄνδρας
1402 2526 1633 2575 πολεμίους
1657 2526 1755 2575 ἐπη-

1331 2597 1482 2648 λύδας;

558 2673 661 2724 Χόρ.
695 2671 808 2713 ὥστε
841 2671 1030 2722 Δαρείου
1065 2669 1203 2711 πολύν
1235 2684 1280 2711 τε
1314 2670 1380 2710 καὶ
1419 2670 1551 2710 καλὸν
1584 2671 1756 2719 φθεῖραι

530 2787 532 2789 .
1331 2741 1529 2791 στρατόν.

183 2815 347 2868 Quodsi
391 2816 522 2871 igitur
566 2815 796 2857 infinitivus
841 2813 1018 2856 idoneus
1063 2811 1290 2854 videbatur
1329 2812 1399 2865 qui
1442 2826 1526 2853 rem
1570 2826 1613 2852 re
1658 2824 1757 2852 vera,

184 2890 457 2932 consecutam
489 2887 761 2942 exprimeret,
796 2885 877 2927 hoc
909 2883 1198 2939 quaerendum
1231 2888 1309 2936 est,
1351 2882 1563 2936 quomodo
1598 2882 1755 2924 factum

183 2959 253 3014 sit,
299 2963 348 3002 ut
379 2958 494 3001 ὥστε
526 2958 780 3014 particulam
819 2958 947 2999 etiam
988 2954 1102 2998 modi
1145 2959 1433 3008 sequerentur.
1497 2953 1627 2995 (fuius
1660 2966 1758 2994 usus

175 3030 386 3088 ,exempla
418 3030 556 3089 prima
587 3029 702 3087 apud
736 3028 992 3086 Sophoclem
1025 3032 1262 3070 occurrunt.
1328 3026 1445 3079 Quae
1477 3026 1509 3069 si
1534 3025 1757 3083 perlustra-
