2034 3458
1054 312 1284 348 ...30—

393 433 499 477 εἶναι
539 433 603 476 ὅτι
643 432 850 486 χειμῶνος
889 434 963 484 μὲν
1011 433 1179 483 εὐήλιός
1227 433 1329 482 ἐστι,
1376 433 1451 474 τοῦ
1500 430 1545 474 δὲ
1584 429 1736 483 θέρους
1776 426 1946 483 εὔσκιος

395 507 495 548 000.
529 507 566 555 9,
589 506 629 548 4.
702 506 794 546 Hue
842 503 1062 546 referenda
1106 516 1196 545 esse
1240 503 1341 545 mihi
1388 503 1582 545 videntur
1628 503 1735 545 haee
1781 515 1947 556 quoque

393 578 607 632 exempla:
656 580 745 627 τοῖς
787 576 864 617 οὖν
904 579 1019 626 Θεοῖς
1057 576 1177 626 χάρις
1217 575 1280 616 ὅτι
1320 575 1371 616 οὐ
1404 576 1486 616 σὺν
1518 578 1654 630 πολλῇ
1688 575 1805 630 ῥώμῃ
1837 574 1947 617 ἀλλὰ

393 649 475 689 σὺν
514 648 674 698 ὀλίγοις
715 647 858 697 ἦλθον,
906 646 1016 687 ὥστε
1058 646 1216 697 βλάψαι
1256 647 1331 697 μὲν
1369 647 1421 697 μὴ
1460 646 1630 697 μεγάλα,
1677 648 1868 697 δηλῶσαι
1900 646 1947 687 δὲ

394 718 454 760 ὧν
487 720 666 770 δεόμεθα
716 718 849 759 Anah.
886 718 947 758 ΙΙΙ
976 718 1013 766 3,
1040 717 1106 757 14.
1170 716 1282 767 οἶμαι
1316 718 1361 758 δὲ
1394 718 1460 757 καὶ
1494 717 1635 766 λόγων
1667 717 1733 758 καὶ
1775 717 1945 768 βουλευ-

394 790 539 840 μάτων
579 790 787 830 κοινωνόν
828 788 880 829 ἄν
919 797 969 828 σε
1009 790 1204 828 ποιοῖντο
1245 787 1313 828 διὰ
1353 788 1402 828 τὸ
1440 787 1666 837 πιστεύειν,
1699 787 1811 829 ὥστε
1843 787 1946 839 μηδὲ

393 861 438 901 ἕν
472 870 521 901 σε
555 860 773 910 λεληθέναι
806 858 866 900 ὧν
901 859 1137 910 βουλόμεθα
1170 859 1323 899 εἰδέναι
1357 859 1454 912 Cyr.
1488 859 1547 900 VI
1583 860 1617 908 1,
1639 859 1710 899 40.

535 933 573 983 e)
606 931 826 973 Sententia
843 929 1100 972 antecedens
1119 934 1181 971 est
1202 930 1508 983 interrogativa
1529 928 1718 984 pendens
1735 942 1789 971 ex
1806 929 1945 971 verbis

391 1001 680 1055 interrogandi
714 1002 826 1042 sim:
875 1001 1059 1050 καλέσας
1107 1001 1182 1041 τὸν
1226 1000 1424 1052 Γωβρύαν
1470 1000 1614 1051 ἠρώτα
1660 999 1695 1042 εἰ
1733 999 1796 1050 εἴη
1835 999 1942 1052 ἄλλη

392 1073 506 1123 ὁδός,
555 1072 665 1113 ὥστε
707 1073 759 1123 μὴ
800 1071 911 1112 πάνυ
953 1072 1077 1121 ἐγγὺς
1125 1074 1201 1112 τοῦ
1240 1072 1404 1122 τείχους
1445 1070 1563 1121 ἄγειν
1611 1071 1709 1126 Cyr.
1743 1071 1780 1113 V
1811 1071 1851 1121 4,
1871 1071 1943 1113 41.

391 1145 714 1195 πυνθανομένου
747 1144 862 1193 τινὸς
896 1143 1079 1193 πότερον
1113 1143 1402 1193 Θεμιστοκλῆς
1452 1143 1520 1183 διὰ
1561 1142 1800 1184 συνουσίαν
1827 1143 1944 1193 τινὸς

391 1218 477 1256 τῶν
509 1217 663 1266 σοφῶν
696 1215 720 1265 ἣ
753 1214 882 1266 φύσει
915 1216 1126 1254 τοσοῦτον
1160 1214 1349 1264 διήνεγκε
1382 1215 1468 1254 τῶν
1489 1216 1678 1255 πολιτῶν
1700 1212 1812 1255 ὥστε
1833 1214 1943 1264 πρὸς

390 1287 554 1327 ἐκεῖνον
587 1285 844 1336 ἀποβλέπειν
874 1286 950 1335 τὴν
980 1285 1116 1334 πόλιν,
1150 1284 1173 1325 ὁ
1197 1284 1424 1335 Σωκράτης
1448 1284 1530 1336 ἔφη
1565 1284 1724 1326 00111111.
1762 1284 1823 1327 IV
1844 1285 1884 1334 2,
1904 1285 1943 1326 2.

390 1355 525 1407 ἥδιστ’
546 1356 597 1397 ἂν
615 1356 839 1406 ἀκούσαιμι
856 1356 904 1396 τὸ
923 1354 1058 1405 ὄνομα
1075 1356 1137 1405 τίς
1161 1354 1299 1405 οὕτως
1322 1355 1412 1396 ἐστὶ
1435 1356 1574 1406 δεινὸς
1598 1355 1734 1405 λέγειν
1757 1354 1870 1397 ὥστε
1891 1365 1943 1397 σε

389 1430 533 1468 πεῖσαι
566 1427 701 1468 Anab.
735 1427 777 1467 ΙΙ
807 1427 845 1475 5,
871 1426 937 1467 15.
982 1427 1079 1480 Cyr.
1104 1426 1207 1467 VIII
1231 1426 1269 1475 6,
1296 1427 1361 1467 17.
1404 1426 1514 1468 Hell.
1538 1426 1580 1467 II
1602 1426 1641 1476 4,
1662 1426 1733 1467 40.
1781 1426 1940 1468 00111111.

390 1499 431 1539 ΙΙ
467 1499 502 1548 7,
525 1499 565 1539 3.
629 1499 678 1539 111
710 1497 811 1539 000.
845 1497 882 1546 6,
910 1498 981 1538 11:
1017 1497 1186 1548 ἔφησθα
1218 1500 1473 1548 καταμαθεῖν
1504 1497 1556 1538 τὰ
1588 1497 1699 1539 αἴτια
1720 1499 1807 1539 τῶν
1827 1496 1942 1539 οὕτω

388 1569 694 1620 γεωργούντων
727 1568 838 1609 ὥστε
871 1568 956 1609 ἀπὸ
989 1571 1063 1618 τῆς
1096 1568 1304 1619 γεωργίας
1337 1567 1542 1620 ἀφθόνως
1580 1568 1691 1620 ἔχειν
1730 1569 1859 1611 verba
1889 1569 1941 1610 τὰ

389 1640 499 1681 αἴτια
531 1643 616 1681 τῶν
649 1639 761 1681 οὕτω
794 1639 1099 1690 γεωργούντων
1131 1652 1207 1693 pro
1240 1639 1448 1681 sententia
1487 1639 1792 1694 interrogativa
1826 1652 1941 1682 usur-

388 1716 490 1766 pata
522 1724 612 1753 esse
645 1710 853 1753 videntur.

532 1782 683 1825 Omnia
716 1795 823 1835 quae
856 1781 1073 1835 hueusque
1106 1781 1158 1823 de
1182 1781 1452 1823 consecutivo
1475 1781 1587 1823 ὥστε
1609 1782 1843 1837 particulae
1863 1795 1941 1824 usu

389 1854 627 1895 enumeravi
670 1853 865 1908 exempla
904 1853 1154 1895 infinitivum
1194 1853 1420 1907 postulant,
1454 1852 1554 1906 quia
1586 1853 1795 1895 sententia
1825 1857 1940 1896 ante-

388 1925 542 1967 eedens
573 1939 656 1966 11011
688 1929 751 1966 est
783 1925 845 1966 sui
877 1924 992 1965 iuris.
1064 1923 1149 1965 Sed
1194 1925 1322 1966 etiam
1368 1929 1464 1979 post
1509 1924 1717 1979 permulta
1753 1925 1940 1966 enuntia·
1970 1923 1975 1926 ’

387 1997 546 2037 1101111111
590 2009 758 2050 genera,
807 2009 914 2049 quae
959 2009 1033 2050 per
1072 2009 1117 2037 se
1157 2000 1361 2045 constant,
1399 1995 1629 2039 infinitivus
1659 2000 1840 2052 ponatur
1869 2009 1939 2038 ne-

387 2080 504 2109 eesse
537 2071 612 2109 est.

528 2140 570 2188 a)
605 2138 824 2179 Sententia
856 2136 1111 2179 antecedens
1143 2142 1206 2179 est
1237 2137 1458 2191 negativa:
1500 2137 1651 2179 ἐνθάδε
1682 2136 1781 2179 οὔτε
1811 2137 1937 2190 ἀργύ-

386 2223 478 2260 ριον
510 2209 660 2260 ἔχομεν
693 2208 803 2250 ὥστε
831 2208 1053 2259 ἀγοράζειν
1084 2208 1221 2250 Anab.
1254 2209 1336 2250 VIl
1368 2210 1406 2258 3,
1428 2208 1468 2250 5.
1532 2209 1582 2250 οὐ
1606 2209 1751 2260 δέομαι
1772 2209 1938 2251 τούτων
1987 2224 1989 2229 ι

386 2281 576 2331 οὐδενός,
610 2280 721 2321 ὥστε
754 2290 803 2321 σε
835 2280 1093 2321 κινδυνεύειν
1126 2279 1223 2334 Cyr.
1247 2280 1266 2320 Ι
1288 2280 1327 2330 4,
1353 2281 1419 2321 10.
1481 2279 1684 2331 ἀργύριον
1706 2280 1846 2331 οὐδείς
1869 2294 1936 2322 πω

386 2348 499 2392 οὕτω
532 2352 641 2392 πολὺ
675 2352 883 2402 ἐκτήσατο
916 2351 1026 2392 ὥστε
1060 2352 1112 2401 μὴ
1146 2350 1205 2391 ἔτι
1237 2353 1518 2401 προσδεῖσθαι
1551 2351 1671 2394 Veet.
1704 2351 1743 2401 4,
1767 2352 1805 2394 7.
1857 2353 1935 2403 χρὴ

384 2423 443 2472 εἰς
476 2425 672 2463 τοιοῦτον
704 2422 850 2472 ἀγῶνα
882 2423 1090 2474 μηδέποτε
1137 2425 1394 2473 καταστῆναι
1427 2421 1529 2463 ὥστ’
1562 2423 1587 2473 ἢ
1619 2422 1759 2464 πάντα
1791 2425 1935 2476 λαβεῖν

383 2494 407 2544 ἢ
441 2492 564 2535 πάντ’
599 2493 833 2546 ἀποβαλεῖν
865 2493 974 2534 Hell.
999 2493 1057 2534 VI
1080 2494 1117 2542 3,
1144 2494 1194 2535 17
1244 2494 1353 2534 πολὺ
1395 2491 1430 2534 δ’
1465 2494 1544 2545 οὐχ
1575 2493 1669 2535 οἶόν
1697 2507 1741 2536 τε
1773 2508 1944 2554 μετακιρ

384 2568 474 2606 νεῖν
507 2564 618 2606 ὥστε
650 2565 703 2615 μὴ
737 2564 830 2615 οὐχὶ
862 2567 936 2615 τῆς
971 2565 1251 2615 δημοκρατίας
1284 2564 1483 2615 ἀφαιρεῖν
1514 2579 1554 2606 τι
1584 2564 1666 2620 Rp.
1699 2564 1798 2607 Ath.
1832 2565 1870 2615 3,
1893 2566 1932 2608 8.

385 2635 483 2690 Cyr.
517 2636 559 2676 II
595 2637 629 2684 1,
652 2636 721 2676 25.
765 2636 801 2677 V
838 2637 872 2685 1,
899 2636 964 2677 17.
1010 2636 1068 2677 VI
1093 2637 1128 2685 1,
1151 2636 1220 2677 36.
1264 2635 1346 2677 VII
1368 2636 1406 2685 5,
1431 2636 1499 2677 75.
1541 2636 1580 2686 5,
1603 2636 1672 2678 80.
1702 2668 1706 2673 .
1734 2636 1843 2678 Hell.
1874 2637 1933 2679 VI

382 2706 421 2755 4,
443 2707 513 2747 22.
556 2706 692 2748 Anab.
731 2707 763 2748 V
795 2708 833 2756 2,
859 2708 895 2747 1.
940 2706 999 2748 VI
1031 2707 1069 2756 6,
1091 2707 1161 2748 37.
1225 2706 1383 2748 00111111.
1417 2707 1437 2747 Ι
1469 2707 1507 2756 3,
1529 2707 1570 2748 5.
1613 2707 1656 2748 II
1687 2707 1818 2757 3,10.
1867 2708 1933 2749 III

382 2777 419 2826 6,
446 2778 511 2818 12.
575 2777 675 2819 000.
709 2778 747 2827 2,
774 2778 839 2819 13.
884 2778 920 2826 8,
946 2778 1012 2819 13.
1059 2778 1123 2827 16,
1149 2779 1215 2819 12.
1277 2777 1393 2819 Hier.
1420 2777 1455 2827 1,
1480 2778 1546 2819 12.
1609 2777 1690 2833 Rp.
1712 2777 1812 2820 Ath.
1834 2778 1873 2828 3,
1890 2778 1931 2820 6.

381 2847 431 2889 R.
463 2861 556 2901 equ.
594 2849 659 2902 10,
686 2849 752 2890 12.
786 2852 858 2889 aut
889 2849 1062 2891 verbum
1092 2849 1292 2903 negativo
1315 2862 1437 2890 sensu
1459 2848 1698 2903 praeditum
1725 2849 1930 2892 eontinet:

380 2921 554 2960 πολλῶν
591 2920 723 2960 ἐνέδει
761 2920 875 2974 αὐτῷ
916 2919 1027 2961 ὥστε
1064 2920 1221 2971 ἡμέρας
1261 2922 1384 2961 σῖτον
1422 2919 1586 2975 ἑκάστῳ
1617 2921 1814 2970 γενέσθαι
1844 2922 1932 2962 τῶν

381 2993 654 3042 στρατιωτῶν
687 2991 823 3032 Anab.
859 2991 938 3032 VII
975 2992 1012 3045 1,
1035 2991 1105 3032 41.
1169 2991 1296 3046 Hipp.
1332 2991 1368 3041 7,
1393 2991 1431 3033 7.
1495 2991 1653 3033 00111111.
1687 2991 1729 3032 II
1761 2991 1799 3043 8,
1820 2991 1862 3034 5.
