2034 3458
0 1596 3 1623 -ἡ
0 1307 11 1560 ᾼν-,υὴ---ν-π--ἻμκηΔ
8 1190 10 1195 ,
6 1143 10 1146 ,
0 1060 7 1096 -.-
0 900 12 924 ν-
0 814 10 839 -„

196 416 266 461 καὶ
305 419 542 476 μεμνῆσθαι
582 417 661 469 χρὴ
702 416 812 468 ἡμᾶς
853 416 917 459 ὅτι
958 419 1114 460 νεωστὶ
1154 416 1240 460 ἀπὸ
1282 418 1418 460 νόσου
1467 418 1653 470 μεγάλης
1701 418 1767 460 καὶ

193 489 384 542 πολέμου
409 488 544 542 βραχύ
567 503 606 531 τι
641 489 963 541 λελωφήκαμεν,
996 489 1108 531 ὥστε
1141 491 1208 531 καὶ
1241 491 1426 541 χρήμασι
1458 491 1525 532 καὶ
1557 493 1648 541 τοῖς
1682 491 1767 532 σώ-

197 571 328 615 μασιν
358 560 578 613 ηὐξῆσθαι.
611 560 747 625 Thuc.
767 561 826 602 VI
852 562 919 615 12,
942 562 979 603 1.
1043 563 1110 603 καὶ
1143 565 1191 616 τῇ
1226 561 1406 616 ἐπιούσῃ
1431 563 1547 603 νυκτὶ
1570 562 1768 614 ἔφθασαν

195 633 663 686 παροικοδομήσαντες,
707 631 819 674 ὥστε
853 634 995 684 μηκέτι
1029 635 1130 685 μήτε
1163 634 1284 675 αὐτοὶ
1317 634 1557 676 κωλύεσθαι
1590 632 1661 676 ὑπ’
1695 635 1768 675 αὐ·

194 707 295 756 τῶν,
327 705 518 756 ἐκείνους
550 719 595 747 τε
630 706 697 747 καὶ
730 705 1007 747 παντάπασιν
1037 705 1383 757 ἀπεστερηκέναι,
1417 706 1451 748 εἰ
1474 707 1539 747 καὶ
1562 691 1768 757 κρατοῖεν,

199 776 341 830 μὴ’ἂν
373 776 434 819 ἔτι
466 779 585 829 σφᾶς
619 776 899 828 ἀποτειχίσαι.
948 776 1084 819 Thue.
1120 778 1201 819 VII
1234 778 1275 831 6,
1298 778 1340 819 4.

341 849 492 891 Futuri
532 849 650 891 notio
691 849 911 891 infinitivis
950 850 1188 905 praesentis
1229 853 1271 891 et
1313 849 1457 891 aoristi
1508 849 1769 904 exprimitur,

197 934 283 965 non
314 921 450 964 solum
483 925 716 976 praeeunte
749 921 912 963 futuro:
944 922 1016 973 ,ἢν
1049 922 1125 973 μέν
1158 935 1236 963 νυν
1269 923 1322 973 μὴ
1362 922 1657 973 συμβάλωμεν,
1706 921 1770 963 ἔλ-

199 993 333 1046 πομαί
364 1007 460 1035 τινα
494 993 652 1035 στάσιν
685 993 872 1045 μεγάλην
905 994 1139 1035 διασείσειν
1169 994 1446 1044 ἐμπεσοῦσαν
1468 994 1520 1035 τὰ
1538 993 1772 1044 Ἀθηναίων

203 1066 476 1120 φρονήματα,
525 1065 639 1108 ὥστε
680 1066 853 1117 μηδίσαι
902 1066 1002 1107 Her.
1038 1066 1096 1106 VI
1133 1066 1230 1107 109.
1295 1066 1405 1107 Xen.
1441 1065 1538 1120 Cyr.
1572 1065 1634 1107 IV
1666 1065 1707 1116 2,
1731 1065 1771 1106 8.

200 1137 263 1182 VI
287 1138 327 1192 1,
353 1137 422 1180 19.
471 1137 583 1179 Hell.
618 1137 676 1178 IV
711 1137 752 1189 8,
776 1138 847 1179 32.
910 1137 1031 1188 ἡμεῖς
1073 1138 1119 1179 δὲ
1160 1137 1213 1178 αὖ
1254 1138 1421 1188 πολλὴν
1462 1140 1572 1191 δᾷδα
1611 1136 1773 1188 ἔχομεν,

197 1209 225 1262 ἢ
257 1210 364 1269 ταχὺ
395 1209 508 1251 πολὺ
542 1211 627 1261 πῦρ
659 1210 830 1259 τέξεται,
878 1210 1045 1260 πολλὴν
1079 1210 1125 1250 δὲ
1157 1210 1309 1250 πίτταν
1342 1210 1408 1250 καὶ
1447 1211 1698 1258 στυππεῖον,
1745 1208 1772 1249 ἃ

199 1282 306 1335 ταχὺ
339 1284 578 1333 παρακαλεῖ
610 1282 777 1332 πολλὴν
809 1282 969 1333 φλόγα·
1023 1282 1136 1323 ὥστε
1175 1280 1365 1331 ἀνάγκην
1399 1280 1506 1322 εἶναι
1538 1281 1562 1332 ἢ
1596 1280 1772 1332 φεύγειν

198 1354 306 1406 ταχὺ
339 1354 442 1405 τοὺς
475 1353 562 1395 ἀπὸ
594 1355 682 1395 τῶν
715 1353 859 1394 οἰκιῶν
891 1354 1044 1404 ἢταχὺ
1068 1355 1404 1394 κατακεκαῦσθαι
1437 1352 1548 1394 Xon.
1572 1352 1671 1407 Cyr.
1690 1351 1771 1393 VII

200 1425 243 1480 5,
265 1425 338 1468 23.
386 1425 496 1467 Hell.
521 1425 559 1466 V
591 1425 632 1479 2,
656 1425 726 1466 34.
776 1424 913 1466 Anah.
938 1425 975 1466 V
997 1425 1038 1478 6,
1066 1425 1132 1466 19.
1184 1424 1285 1467 Oce.
1321 1424 1360 1478 8,
1388 1425 1455 1465 10.
1504 1424 1633 1478 Hipp.
1668 1424 1707 1476 7,
1733 1424 1772 1476 7,

200 1496 278 1542 sed
324 1497 455 1540 etiam
502 1497 587 1539 alio
634 1500 844 1552 tempore:
894 1494 1009 1538 τοῦτ’
1045 1495 1124 1538 οὖν
1164 1496 1282 1538 ἔστιν
1322 1495 1442 1546 ὅπως
1483 1509 1545 1546 τις
1579 1495 1632 1537 ἂν
1665 1495 1772 1546 ὑμᾶς

200 1569 477 1622 ἐξαπατήσαι,
525 1568 638 1611 ὥστε
671 1569 895 1621 ἐμβαίνειν,
943 1568 1109 1610 ὁπόταν
1148 1569 1277 1619 νότος
1315 1568 1441 1622 πνέῃ;
1489 1567 1599 1608 Xen.
1635 1567 1772 1608 Anah.

203 1642 240 1685 V
274 1641 314 1695 7,
339 1641 379 1684 7.
448 1641 709 1692 συνοίδαμεν
755 1641 854 1691 ὑμῖν
901 1640 986 1682 ὑπὸ
1032 1641 1108 1682 τὸν
1156 1640 1372 1691 παρεόντα
1417 1640 1542 1680 τόνδε
1583 1639 1808 1689 πόλεμον’

202 1714 326 1757 ἐοῦσι
357 1714 525 1756 πολλὸν
557 1712 933 1765 προθυμοτάτοισι,
977 1713 1090 1754 ὥστε
1123 1713 1190 1753 καὶ
1223 1714 1356 1753 ταῦτα
1388 1710 1623 1752 ἐσακούειν.
1673 1710 1772 1751 Her.

203 1786 269 1829 IX
301 1786 374 1828 60.

346 1857 580 1900 Rarissiine
612 1861 755 1899 autem
788 1856 916 1898 futuri
949 1856 1181 1898 infinitivus
1213 1855 1418 1898 occurrit:
1455 1855 1590 1905 Κῦρος
1614 1855 1654 1895 οἱ
1676 1854 1776 1904 ἐπη-

203 1931 392 1982 πείλησεΑ
422 1928 538 1972 οὕτω
579 1930 631 1981 δή
673 1943 742 1980 μιν
782 1929 968 1970 ἀσθενέα
1007 1929 1215 1979 ποιήσειν,
1263 1927 1376 1968 ὥστε
1415 1929 1490 1968 τοῦ
1525 1928 1676 1967 λοιποῦ
1711 1926 1776 1966 καὶ

202 2001 410 2054 γυναῖκάς
444 2016 513 2053 μιν
545 2001 758 2052 εὐπετέως
793 2002 841 2042 τὸ
874 2001 979 2051 γόνυ
1013 2001 1064 2042 οὐ
1089 1999 1328 2052 βρεχούσας
1353 1999 1643 2050 διαβήσεσθαι.
1676 1997 1776 2039 Her.

204 2075 226 2117 I
262 2074 360 2116 189.
423 2074 463 2116 οἱ
496 2074 585 2116 θεοί
618 2083 669 2115 σε
702 2074 946 2124 ποιήσαντα
978 2072 1134 2114 ἀνόσια
1172 2072 1395 2122 ὑπήγαγον
1433 2071 1477 2120 ἐς
1518 2072 1663 2121 χεῖρας
1702 2069 1777 2119 τὰς

205 2146 324 2199 ἐμάς,
364 2136 478 2188 ὥστε
511 2155 562 2187 σε
598 2146 652 2196 μὴ
687 2146 927 2196 μέμψεσθαι
960 2146 1038 2195 τὴν
1069 2141 1141 2185 ἀπ’
1176 2143 1274 2194 ἐμέο
1307 2156 1371 2183 τοι
1404 2142 1615 2192 ἐσομένην
1648 2141 1779 2191 δίκην.

205 2218 307 2261 Her.
340 2217 447 2260 VIII
483 2217 582 2259 106.
646 2217 699 2268 ἢν
740 2218 787 2258 δὲ
827 2217 1079 2265 ἐξαπατᾶτε,
1127 2214 1241 2256 οὕτω
1282 2214 1507 2264 νομίζομεν
1548 2212 1671 2263 ἔχειν,
1719 2212 1778 2262 ὡς

207 2291 288 2343 οὐχ
318 2290 430 2342 ἡμᾶς
462 2287 533 2342 ἐφ’
569 2289 667 2340 ὑμῖν
702 2288 889 2337 ἔσεσθαι,
938 2287 1047 2329 ἀλλὰ
1085 2289 1259 2339 μᾶλλον,
1307 2287 1359 2337 ἢν
1393 2285 1431 2326 οἱ
1464 2285 1552 2326 θεοὶ
1585 2284 1780 2333 θέλωσιν,

207 2362 317 2415 ὑμᾶς
350 2359 420 2414 ἐφ’
453 2361 555 2413 ἡμῖν
587 2361 798 2411 γενέσθαι.
846 2360 956 2401 Xon.
991 2359 1089 2414 Pyr.
1124 2358 1183 2399 IV
1216 2358 1256 2411 2,
1284 2358 1351 2399 133.
1416 2355 1576 2406 Quodsi
1611 2354 1779 2407 Seume,

208 2435 280 2489 qni
310 2448 354 2490 p.
387 2433 446 2476 55
478 2446 572 2487 sqq.
610 2432 820 2488 permulta
860 2431 1056 2486 exempla
1097 2431 1281 2471 onmium
1322 2429 1573 2483 scriptorum
1616 2439 1781 2468 enume-

206 2506 335 2561 ravit,
383 2510 529 2548 eenset
562 2504 624 2546 ‘in
658 2503 849 2546 oratioue
884 2508 1001 2544 recta
1034 2502 1220 2544 futurum
1253 2500 1396 2553 fuisse,
1444 2505 1490 2540 ut
1531 2499 1671 2539 onmia
1710 2497 1780 2539 illa

208 2577 407 2634 exempla
437 2575 718 2619 indicativum
752 2581 847 2631 post
881 2575 994 2616 ὥστε
1027 2574 1245 2624 haberent,
1278 2572 1530 2614 infinitivum
1563 2570 1692 2624 igitur
1726 2569 1779 2609 ob

209 2662 305 2693 eam
345 2653 509 2692 tantum
549 2661 724 2690 eausam
764 2647 949 2702 positum
991 2659 1097 2699 esse,
1147 2644 1247 2699 quia
1288 2643 1523 2685 sententiae
1556 2641 1782 2696 primariae

210 2721 295 2765 sint
332 2721 377 2763 in
416 2719 658 2774 infinitivo',
709 2732 849 2760 errare
890 2717 991 2759 mihi
1035 2716 1222 2765 vi‹l(²tui·;
1272 2730 1367 2757 nain
1408 2726 1544 2767 noque
1584 2713 1625 2754 in
1660 2712 1781 2753 Dein.

210 2793 282 2847 29,
305 2793 334 2835 5
367 2792 580 2846 (ἐπιδείξω
614 2796 695 2833 ete.
730 2789 844 2832 οὕτω
878 2789 1077 2841 μεγάλοις
1110 2789 1176 2830 καὶ
1210 2789 1418 2839 φανεροῖς
1452 2785 1643 2836 ἐλέγχοις
1677 2781 1781 2824 ὥσθ’

213 2865 323 2917 ὑμᾶς
356 2863 523 2915 πάντας
558 2863 751 2905 εἴσεσθαι
786 2863 942 2913 σαφῶς
977 2859 1040 2902 ὅτι
1074 2860 1174 2902 eto.)
1214 2864 1254 2900 et
1287 2858 1357 2911 30,
1381 2858 1408 2897 4
1441 2856 1669 2908 (ἀποδείξω
1703 2858 1783 2895 etc.

213 2935 330 2980 οὕτω
378 2935 579 2988 μεγάλοις
629 2934 870 2986 τεκμηρίοις
919 2934 985 2974 καὶ
1033 2934 1241 2984 φανεροῖς
1290 2930 1479 2980 ἐλέγχοις
1529 2925 1633 2968 ὥσθ’
1676 2926 1783 2977 ὑμᾶς

214 3008 410 3060 ἅπαντας
449 3007 642 3050 εἴσεσθαι
683 3007 840 3058 σαφῶς
882 3003 945 3046 ὅτι
984 3005 1097 3057 οἵα),
1147 3016 1255 3056 quae
1289 3000 1484 3055 exempla
1524 3000 1614 3054 ipse
1647 2998 1780 3041 affert,
