<?xml version="1.0" encoding="UTF-8"?>
<!DOCTYPE html PUBLIC "-//W3C//DTD XHTML 1.0 Transitional//EN"
    "http://www.w3.org/TR/xhtml1/DTD/xhtml1-transitional.dtd">
<html xmlns="http://www.w3.org/1999/xhtml" xml:lang="en" lang="en">
 <head>
  <title>
</title>
<meta http-equiv="Content-Type" content="text/html;charset=utf-8" />
  <meta name='ocr-system' content='tesseract 3.04.00' />
  <meta name='ocr-capabilities' content='ocr_page ocr_carea ocr_par ocr_line ocrx_word'/>
</head>
<body>
  <div class='ocr_page' id='page_1' title='image "./dehosteparticula00wehmuoft_0028.png"; bbox 0 0 2034 3458; ppageno 0'>
   <div class='ocr_carea' id='block_1_1' title="bbox 1006 295 1237 330">
    <p class='ocr_par' dir='ltr' id='par_1_1' title="bbox 1006 295 1237 330">
     <span class='ocr_line' id='line_1_1' title="bbox 1006 295 1237 330; baseline 0 -11"><span class='ocrx_word' id='word_1_1' title='bbox 1006 295 1237 330; x_wconf 75' lang='lat'>-20-</span> 
     </span>
    </p>
   </div>
   <div class='ocr_carea' id='block_1_2' title="bbox 339 401 1903 1321">
    <p class='ocr_par' dir='ltr' id='par_1_2' title="bbox 348 401 1898 541">
     <span class='ocr_line' id='line_1_2' title="bbox 348 401 1898 471; baseline 0 -13"><span class='ocrx_word' id='word_1_2' title='bbox 348 418 441 458; x_wconf 88' lang='lat' dir='ltr'>Huc</span> <span class='ocrx_word' id='word_1_3' title='bbox 465 405 685 471; x_wconf 83' lang='lat' dir='ltr'>praeterea</span> <span class='ocrx_word' id='word_1_4' title='bbox 717 416 925 471; x_wconf 82' lang='lat' dir='ltr'>pertinere</span> <span class='ocrx_word' id='word_1_5' title='bbox 948 414 1048 455; x_wconf 87' lang='lat' dir='ltr'>mihi</span> <span class='ocrx_word' id='word_1_6' title='bbox 1073 414 1284 456; x_wconf 82' lang='lat' dir='ltr'>videntur:</span> <span class='ocrx_word' id='word_1_7' title='bbox 1319 414 1426 467; x_wconf 75' lang='lat'>129,</span> <span class='ocrx_word' id='word_1_8' title='bbox 1441 414 1480 455; x_wconf 86' lang='lat'>3.</span> <span class='ocrx_word' id='word_1_9' title='bbox 1519 415 1614 469; x_wconf 80' lang='grc'>121,</span> <span class='ocrx_word' id='word_1_10' title='bbox 1633 414 1674 456; x_wconf 76' lang='lat'>5.</span> <span class='ocrx_word' id='word_1_11' title='bbox 1708 414 1838 470; x_wconf 87' lang='lat'>1140,</span> <span class='ocrx_word' id='word_1_12' title='bbox 1855 401 1898 458; x_wconf 58' lang='lat'>4⁴.</span> 
     </span>
     <span class='ocr_line' id='line_1_3' title="bbox 350 484 1586 541; baseline -0.001 -13"><span class='ocrx_word' id='word_1_13' title='bbox 350 488 417 541; x_wconf 77' lang='lat'>75,</span> <span class='ocrx_word' id='word_1_14' title='bbox 436 489 476 528; x_wconf 99' lang='lat'>3</span> <span class='ocrx_word' id='word_1_15' title='bbox 509 487 546 528; x_wconf 88' lang='lat' dir='ltr'>V</span> <span class='ocrx_word' id='word_1_16' title='bbox 578 487 708 540; x_wconf 81' lang='lat'><strong><em>34,2.</em></strong></span> <span class='ocrx_word' id='word_1_17' title='bbox 742 486 799 527; x_wconf 96' lang='lat' dir='ltr'>VI</span> <span class='ocrx_word' id='word_1_18' title='bbox 833 486 902 538; x_wconf 83' lang='grc'>90,</span> <span class='ocrx_word' id='word_1_19' title='bbox 923 486 963 526; x_wconf 86' lang='lat'>4.</span> <span class='ocrx_word' id='word_1_20' title='bbox 997 485 1101 526; x_wconf 88' lang='lat' dir='ltr'>VIII</span> <span class='ocrx_word' id='word_1_21' title='bbox 1133 484 1204 538; x_wconf 84' lang='lat'>45,</span> <span class='ocrx_word' id='word_1_22' title='bbox 1223 485 1264 526; x_wconf 78' lang='lat'>2.</span> <span class='ocrx_word' id='word_1_23' title='bbox 1297 485 1367 538; x_wconf 83' lang='lat'>56,</span> <span class='ocrx_word' id='word_1_24' title='bbox 1383 485 1424 526; x_wconf 90' lang='lat'>4.</span> <span class='ocrx_word' id='word_1_25' title='bbox 1457 485 1527 535; x_wconf 83' lang='lat'>66,</span> <span class='ocrx_word' id='word_1_26' title='bbox 1545 486 1586 527; x_wconf 89' lang='lat'>4.</span> 
     </span>
    </p>

    <p class='ocr_par' dir='ltr' id='par_1_3' title="bbox 348 555 1901 824">
     <span class='ocr_line' id='line_1_4' title="bbox 491 555 1901 609; baseline 0.001 -10"><span class='ocrx_word' id='word_1_27' title='bbox 491 558 536 599; x_wconf 79' lang='lat' dir='ltr'>Si</span> <span class='ocrx_word' id='word_1_28' title='bbox 570 556 830 599; x_wconf 78' lang='lat' dir='ltr'>concesseris</span> <span class='ocrx_word' id='word_1_29' title='bbox 862 556 939 609; x_wconf 80' lang='lat' dir='ltr'>his,</span> <span class='ocrx_word' id='word_1_30' title='bbox 989 569 1092 609; x_wconf 88' lang='lat' dir='ltr'>quos</span> <span class='ocrx_word' id='word_1_31' title='bbox 1132 555 1348 609; x_wconf 89' lang='lat' dir='ltr'>hucusque</span> <span class='ocrx_word' id='word_1_32' title='bbox 1386 557 1638 606; x_wconf 81' lang='lat' dir='ltr'>enumeravi,</span> <span class='ocrx_word' id='word_1_33' title='bbox 1684 556 1901 600; x_wconf 78' lang='lat' dir='ltr'>infinitivis</span> 
     </span>
     <span class='ocr_line' id='line_1_5' title="bbox 348 627 1901 682; baseline 0 -12"><span class='ocrx_word' id='word_1_34' title='bbox 348 629 430 670; x_wconf 85' lang='lat' dir='ltr'>vim</span> <span class='ocrx_word' id='word_1_35' title='bbox 463 628 629 670; x_wconf 83' lang='lat' dir='ltr'>finalem</span> <span class='ocrx_word' id='word_1_36' title='bbox 661 629 810 680; x_wconf 76' lang='lat' dir='ltr'>inesse,</span> <span class='ocrx_word' id='word_1_37' title='bbox 864 640 946 669; x_wconf 91' lang='lat' dir='ltr'>non</span> <span class='ocrx_word' id='word_1_38' title='bbox 993 627 1052 668; x_wconf 89' lang='lat' dir='ltr'>ita</span> <span class='ocrx_word' id='word_1_39' title='bbox 1098 627 1230 668; x_wconf 87' lang='lat' dir='ltr'>multa</span> <span class='ocrx_word' id='word_1_40' title='bbox 1277 627 1472 682; x_wconf 84' lang='lat' dir='ltr'>exempla</span> <span class='ocrx_word' id='word_1_41' title='bbox 1504 632 1739 682; x_wconf 78' lang='lat' dir='ltr'>supersunt,</span> <span class='ocrx_word' id='word_1_42' title='bbox 1791 640 1901 682; x_wconf 81' lang='lat' dir='ltr'>quae</span> 
     </span>
     <span class='ocr_line' id='line_1_6' title="bbox 348 696 1900 752; baseline 0.001 -11"><span class='ocrx_word' id='word_1_43' title='bbox 348 699 596 741; x_wconf 88' lang='lat' dir='ltr'>infinitivum</span> <span class='ocrx_word' id='word_1_44' title='bbox 630 699 671 740; x_wconf 92' lang='lat' dir='ltr'>vi</span> <span class='ocrx_word' id='word_1_45' title='bbox 705 698 977 740; x_wconf 86' lang='lat' dir='ltr'>consecutiva</span> <span class='ocrx_word' id='word_1_46' title='bbox 1008 696 1245 752; x_wconf 84' lang='lat' dir='ltr'>praeditum</span> <span class='ocrx_word' id='word_1_47' title='bbox 1279 697 1493 740; x_wconf 80' lang='lat' dir='ltr'><strong>exhibent.</strong></span> <span class='ocrx_word' id='word_1_48' title='bbox 1556 699 1773 752; x_wconf 85' lang='lat' dir='ltr'>Atque-ut</span> <span class='ocrx_word' id='word_1_49' title='bbox 1803 711 1900 742; x_wconf 87' lang='lat' dir='ltr'>eun-</span> 
     </span>
     <span class='ocr_line' id='line_1_7' title="bbox 348 768 1901 824; baseline 0.001 -13"><span class='ocrx_word' id='word_1_50' title='bbox 348 770 443 812; x_wconf 87' lang='lat' dir='ltr'>dem</span> <span class='ocrx_word' id='word_1_51' title='bbox 474 783 596 823; x_wconf 90' lang='lat' dir='ltr'>quem</span> <span class='ocrx_word' id='word_1_52' title='bbox 627 769 741 824; x_wconf 88' lang='lat' dir='ltr'>apud</span> <span class='ocrx_word' id='word_1_53' title='bbox 759 768 1019 810; x_wconf 84' lang='lat' dir='ltr'>Herodotum</span> <span class='ocrx_word' id='word_1_54' title='bbox 1043 768 1231 810; x_wconf 80' lang='lat' dir='ltr'>ordinem</span> <span class='ocrx_word' id='word_1_55' title='bbox 1256 782 1433 819; x_wconf 78' lang='lat' dir='ltr'><strong>servem,</strong></span> <span class='ocrx_word' id='word_1_56' title='bbox 1467 770 1649 811; x_wconf 89' lang='lat' dir='ltr'>occurrit</span> <span class='ocrx_word' id='word_1_57' title='bbox 1671 769 1901 813; x_wconf 77' lang='lat' dir='ltr'>infinitivus</span> 
     </span>
    </p>

    <p class='ocr_par' dir='ltr' id='par_1_4' title="bbox 339 839 1902 1177">
     <span class='ocr_line' id='line_1_8' title="bbox 490 839 1899 896; baseline 0.001 -14"><span class='ocrx_word' id='word_1_58' title='bbox 490 843 531 893; x_wconf 88' lang='lat' dir='ltr'>a)</span> <span class='ocrx_word' id='word_1_59' title='bbox 564 844 660 896; x_wconf 88' lang='lat' dir='ltr'>post</span> <span class='ocrx_word' id='word_1_60' title='bbox 691 840 864 882; x_wconf 88' lang='lat' dir='ltr'>verbum</span> <span class='ocrx_word' id='word_1_61' title='bbox 899 840 1048 891; x_wconf 82' lang='grc' dir='ltr'>ξυνέβη</span> <span class='ocrx_word' id='word_1_62' title='bbox 1083 839 1195 881; x_wconf 89' lang='grc' dir='ltr'>ὥστε</span> <span class='ocrx_word' id='word_1_63' title='bbox 1227 839 1271 881; x_wconf 92' lang='lat' dir='ltr'>id</span> <span class='ocrx_word' id='word_1_64' title='bbox 1304 844 1367 881; x_wconf 87' lang='lat' dir='ltr'>est</span> <span class='ocrx_word' id='word_1_65' title='bbox 1400 839 1578 883; x_wconf 84' lang='lat' dir='ltr'>‘accidit</span> <span class='ocrx_word' id='word_1_66' title='bbox 1609 839 1696 883; x_wconf 87' lang='lat' dir='ltr'>ut&#39;:</span> <span class='ocrx_word' id='word_1_67' title='bbox 1749 841 1899 894; x_wconf 85' lang='grc' dir='ltr'>ξυνέβη</span> 
     </span>
     <span class='ocr_line' id='line_1_9' title="bbox 339 907 1902 963; baseline 0.001 -10"><span class='ocrx_word' id='word_1_68' title='bbox 339 907 472 962; x_wconf 50' lang='grc' dir='ltr'>ἐὐθὺς</span> <span class='ocrx_word' id='word_1_69' title='bbox 518 912 619 963; x_wconf 89' lang='grc' dir='ltr'>μετὰ</span> <span class='ocrx_word' id='word_1_70' title='bbox 663 913 739 962; x_wconf 90' lang='grc' dir='ltr'>τὴν</span> <span class='ocrx_word' id='word_1_71' title='bbox 783 911 829 952; x_wconf 77' lang='grc' dir='ltr'>ἐν</span> <span class='ocrx_word' id='word_1_72' title='bbox 855 911 1108 962; x_wconf 82' lang='grc' dir='ltr'>Ἀμφιπόλει</span> <span class='ocrx_word' id='word_1_73' title='bbox 1142 910 1277 961; x_wconf 88' lang='grc' dir='ltr'>μάχην</span> <span class='ocrx_word' id='word_1_74' title='bbox 1310 911 1422 952; x_wconf 90' lang='grc' dir='ltr'>ὥστε</span> <span class='ocrx_word' id='word_1_75' title='bbox 1460 911 1648 963; x_wconf 90' lang='grc' dir='ltr'>πολέμου</span> <span class='ocrx_word' id='word_1_76' title='bbox 1681 913 1811 963; x_wconf 79' lang='grc' dir='ltr'>μηδὲν</span> <span class='ocrx_word' id='word_1_77' title='bbox 1841 911 1902 954; x_wconf 85' lang='grc' dir='ltr'>ἔτι</span> 
     </span>
     <span class='ocr_line' id='line_1_10' title="bbox 348 980 1902 1035; baseline 0.001 -11"><span class='ocrx_word' id='word_1_78' title='bbox 348 983 539 1034; x_wconf 83' lang='grc' dir='ltr'>ἅψασθαι</span> <span class='ocrx_word' id='word_1_79' title='bbox 572 983 828 1033; x_wconf 83' lang='grc' dir='ltr'>μηδετέρους</span> <span class='ocrx_word' id='word_1_80' title='bbox 863 983 899 1023; x_wconf 95' lang='lat' dir='ltr'>V</span> <span class='ocrx_word' id='word_1_81' title='bbox 935 982 1002 1035; x_wconf 76' lang='lat'>14,</span> <span class='ocrx_word' id='word_1_82' title='bbox 1025 982 1062 1022; x_wconf 88' lang='lat'>1.</span> <span class='ocrx_word' id='word_1_83' title='bbox 1112 980 1183 1033; x_wconf 83' lang='lat' dir='ltr'>(ad</span> <span class='ocrx_word' id='word_1_84' title='bbox 1231 995 1397 1023; x_wconf 90' lang='lat' dir='ltr'>sensum</span> <span class='ocrx_word' id='word_1_85' title='bbox 1437 982 1659 1024; x_wconf 79' lang='lat' dir='ltr'>verborum</span> <span class='ocrx_word' id='word_1_86' title='bbox 1691 980 1902 1025; x_wconf 85' lang='lat' dir='ltr'>efficiendi</span> 
     </span>
     <span class='ocr_line' id='line_1_11' title="bbox 348 1052 1902 1108; baseline 0.001 -13"><span class='ocrx_word' id='word_1_87' title='bbox 348 1053 516 1095; x_wconf 84' lang='lat' dir='ltr'>accedit</span> <span class='ocrx_word' id='word_1_88' title='bbox 547 1053 697 1104; x_wconf 84' lang='grc' dir='ltr'>Ξυνέβη</span> <span class='ocrx_word' id='word_1_89' title='bbox 731 1053 790 1094; x_wconf 96' lang='lat' dir='ltr'>IV</span> <span class='ocrx_word' id='word_1_90' title='bbox 825 1053 892 1106; x_wconf 84' lang='lat'>79,</span> <span class='ocrx_word' id='word_1_91' title='bbox 911 1053 959 1104; x_wconf 78' lang='lat'>33</span> <span class='ocrx_word' id='word_1_92' title='bbox 993 1053 1165 1094; x_wconf 86' lang='lat' dir='ltr'>verbum</span> <span class='ocrx_word' id='word_1_93' title='bbox 1198 1052 1444 1108; x_wconf 76' lang='lat' dir='ltr'>paciscendi</span> <span class='ocrx_word' id='word_1_94' title='bbox 1477 1058 1540 1096; x_wconf 90' lang='lat' dir='ltr'>est</span> <span class='ocrx_word' id='word_1_95' title='bbox 1571 1054 1810 1106; x_wconf 83' lang='grc' dir='ltr'>Ξυμβαίνειν</span> <span class='ocrx_word' id='word_1_96' title='bbox 1840 1053 1902 1097; x_wconf 83' lang='lat' dir='ltr'>IV</span> 
     </span>
     <span class='ocr_line' id='line_1_12' title="bbox 347 1123 1091 1177; baseline 0 -12"><span class='ocrx_word' id='word_1_97' title='bbox 347 1125 477 1177; x_wconf 77' lang='lat'>46‚2.</span> <span class='ocrx_word' id='word_1_98' title='bbox 512 1125 549 1166; x_wconf 96' lang='lat' dir='ltr'>V</span> <span class='ocrx_word' id='word_1_99' title='bbox 581 1123 730 1177; x_wconf 80' lang='lat'>61‚5.)</span> <span class='ocrx_word' id='word_1_100' title='bbox 1084 1134 1091 1139; x_wconf 87' lang='lat'><em>·</em></span> 
     </span>
    </p>

    <p class='ocr_par' dir='ltr' id='par_1_5' title="bbox 351 1195 1903 1321">
     <span class='ocr_line' id='line_1_13' title="bbox 490 1195 1902 1250; baseline 0.001 -13"><span class='ocrx_word' id='word_1_101' title='bbox 490 1196 533 1247; x_wconf 84' lang='lat' dir='ltr'>b)</span> <span class='ocrx_word' id='word_1_102' title='bbox 566 1199 661 1250; x_wconf 88' lang='lat' dir='ltr'>post</span> <span class='ocrx_word' id='word_1_103' title='bbox 705 1195 955 1237; x_wconf 81' lang='lat' dir='ltr'>sententiam</span> <span class='ocrx_word' id='word_1_104' title='bbox 998 1195 1262 1249; x_wconf 79' lang='lat' dir='ltr'>negativam:</span> <span class='ocrx_word' id='word_1_105' title='bbox 1317 1195 1394 1236; x_wconf 85' lang='grc' dir='ltr'>οὐκ</span> <span class='ocrx_word' id='word_1_106' title='bbox 1440 1196 1582 1247; x_wconf 82' lang='grc' dir='ltr'>ἐχθροὶ</span> <span class='ocrx_word' id='word_1_107' title='bbox 1626 1195 1749 1247; x_wconf 86' lang='grc' dir='ltr'>ὄντες</span> <span class='ocrx_word' id='word_1_108' title='bbox 1789 1195 1902 1238; x_wconf 77' lang='grc' dir='ltr'>ὥστε</span> 
     </span>
     <span class='ocr_line' id='line_1_14' title="bbox 351 1263 1903 1321; baseline 0.001 -14"><span class='ocrx_word' id='word_1_109' title='bbox 351 1266 549 1318; x_wconf 85' lang='grc' dir='ltr'>βλάπτειν</span> <span class='ocrx_word' id='word_1_110' title='bbox 582 1264 673 1307; x_wconf 73' lang='grc' dir='ltr'>οὐδ’</span> <span class='ocrx_word' id='word_1_111' title='bbox 693 1266 760 1307; x_wconf 62' lang='grc' dir='ltr'>,αὖ</span> <span class='ocrx_word' id='word_1_112' title='bbox 793 1267 911 1317; x_wconf 89' lang='grc' dir='ltr'>φίλοι</span> <span class='ocrx_word' id='word_1_113' title='bbox 945 1263 1047 1307; x_wconf 82' lang='grc' dir='ltr'>ὥστ’</span> <span class='ocrx_word' id='word_1_114' title='bbox 1088 1266 1338 1317; x_wconf 83' lang='grc' dir='ltr'>ἐπιχρῆσθαι</span> <span class='ocrx_word' id='word_1_115' title='bbox 1386 1266 1405 1307; x_wconf 92' lang='grc' dir='ltr'>Ι</span> <span class='ocrx_word' id='word_1_116' title='bbox 1437 1267 1567 1320; x_wconf 87' lang='grc'>41,1.</span> <span class='ocrx_word' id='word_1_117' title='bbox 1601 1267 1643 1308; x_wconf 96' lang='lat' dir='ltr'>II</span> <span class='ocrx_word' id='word_1_118' title='bbox 1674 1266 1804 1321; x_wconf 78' lang='lat'>51,6.</span> <span class='ocrx_word' id='word_1_119' title='bbox 1837 1263 1903 1309; x_wconf 89' lang='lat' dir='ltr'>III</span> 
     </span>
    </p>
   </div>
   <div class='ocr_carea' id='block_1_3' title="bbox 348 1336 1934 1393">
    <p class='ocr_par' dir='ltr' id='par_1_6' title="bbox 348 1336 1934 1393">
     <span class='ocr_line' id='line_1_15' title="bbox 348 1336 1934 1393; baseline 0.001 -15"><span class='ocrx_word' id='word_1_120' title='bbox 348 1338 477 1390; x_wconf 81' lang='lat'>23‚5.</span> <span class='ocrx_word' id='word_1_121' title='bbox 522 1338 592 1391; x_wconf 85' lang='lat'>44,</span> <span class='ocrx_word' id='word_1_122' title='bbox 611 1338 651 1378; x_wconf 87' lang='lat'>4.</span> <span class='ocrx_word' id='word_1_123' title='bbox 700 1337 759 1378; x_wconf 81' lang='lat' dir='ltr'>lv</span> <span class='ocrx_word' id='word_1_124' title='bbox 799 1337 928 1391; x_wconf 75' lang='lat'>64‚1.</span> <span class='ocrx_word' id='word_1_125' title='bbox 978 1337 1046 1390; x_wconf 80' lang='lat'>78,</span> <span class='ocrx_word' id='word_1_126' title='bbox 1064 1337 1105 1378; x_wconf 86' lang='lat'>4.</span> <span class='ocrx_word' id='word_1_127' title='bbox 1155 1338 1191 1379; x_wconf 86' lang='lat' dir='ltr'>v</span> <span class='ocrx_word' id='word_1_128' title='bbox 1224 1336 1294 1390; x_wconf 84' lang='lat'>35,</span> <span class='ocrx_word' id='word_1_129' title='bbox 1312 1337 1353 1379; x_wconf 87' lang='lat'>5.</span> <span class='ocrx_word' id='word_1_130' title='bbox 1389 1337 1456 1391; x_wconf 82' lang='lat'>74,</span> <span class='ocrx_word' id='word_1_131' title='bbox 1475 1338 1516 1379; x_wconf 84' lang='lat'>3.</span> <span class='ocrx_word' id='word_1_132' title='bbox 1593 1337 1660 1380; x_wconf 78' lang='lat' dir='ltr'>De</span> <span class='ocrx_word' id='word_1_133' title='bbox 1705 1337 1934 1393; x_wconf 79' lang='lat'><strong>1129,3›</strong></span> 
     </span>
    </p>
   </div>
   <div class='ocr_carea' id='block_1_4' title="bbox 347 1408 1904 1961">
    <p class='ocr_par' dir='ltr' id='par_1_7' title="bbox 349 1408 566 1463">
     <span class='ocr_line' id='line_1_16' title="bbox 349 1408 566 1463; baseline -0.005 -13"><span class='ocrx_word' id='word_1_134' title='bbox 349 1422 388 1450; x_wconf 87' lang='lat' dir='ltr'>v.</span> <span class='ocrx_word' id='word_1_135' title='bbox 421 1422 462 1463; x_wconf 88' lang='lat' dir='ltr'>p.</span> <span class='ocrx_word' id='word_1_136' title='bbox 496 1408 566 1449; x_wconf 81' lang='lat'>46.</span> 
     </span>
    </p>

    <p class='ocr_par' dir='ltr' id='par_1_8' title="bbox 349 1479 1904 1603">
     <span class='ocr_line' id='line_1_17' title="bbox 491 1479 1904 1534; baseline 0.001 -13"><span class='ocrx_word' id='word_1_137' title='bbox 491 1481 530 1530; x_wconf 87' lang='lat' dir='ltr'>c)</span> <span class='ocrx_word' id='word_1_138' title='bbox 561 1483 658 1534; x_wconf 86' lang='lat' dir='ltr'>post</span> <span class='ocrx_word' id='word_1_139' title='bbox 690 1479 1023 1534; x_wconf 83' lang='lat' dir='ltr'>comparativum</span> <span class='ocrx_word' id='word_1_140' title='bbox 1056 1492 1149 1529; x_wconf 85' lang='lat' dir='ltr'>cum</span> <span class='ocrx_word' id='word_1_141' title='bbox 1172 1479 1196 1530; x_wconf 83' lang='grc' dir='ltr'>ἤ</span> <span class='ocrx_word' id='word_1_142' title='bbox 1221 1480 1508 1521; x_wconf 85' lang='lat' dir='ltr'>coniunctum:</span> <span class='ocrx_word' id='word_1_143' title='bbox 1543 1480 1904 1532; x_wconf 86' lang='grc' dir='ltr'>σωφρονέστερον</span> 
     </span>
     <span class='ocr_line' id='line_1_18' title="bbox 349 1549 1347 1603; baseline 0.002 -13"><span class='ocrx_word' id='word_1_144' title='bbox 349 1551 373 1601; x_wconf 85' lang='grc' dir='ltr'>ἢ</span> <span class='ocrx_word' id='word_1_145' title='bbox 408 1550 521 1591; x_wconf 86' lang='grc' dir='ltr'>ὥστε</span> <span class='ocrx_word' id='word_1_146' title='bbox 553 1549 835 1601; x_wconf 84' lang='grc' dir='ltr'>ἀνηκουστεῖν</span> <span class='ocrx_word' id='word_1_147' title='bbox 867 1550 886 1590; x_wconf 96' lang='grc' dir='ltr'>Ι</span> <span class='ocrx_word' id='word_1_148' title='bbox 920 1550 1048 1603; x_wconf 80' lang='grc'>84,3.</span> <span class='ocrx_word' id='word_1_149' title='bbox 1082 1550 1186 1591; x_wconf 91' lang='lat' dir='ltr'>VIII</span> <span class='ocrx_word' id='word_1_150' title='bbox 1217 1550 1347 1603; x_wconf 75' lang='lat'>46‚5.</span> 
     </span>
    </p>

    <p class='ocr_par' dir='ltr' id='par_1_9' title="bbox 347 1620 1904 1888">
     <span class='ocr_line' id='line_1_19' title="bbox 491 1620 1904 1676; baseline 0.002 -15"><span class='ocrx_word' id='word_1_151' title='bbox 491 1620 534 1673; x_wconf 87' lang='lat' dir='ltr'>d)</span> <span class='ocrx_word' id='word_1_152' title='bbox 567 1626 661 1676; x_wconf 86' lang='lat' dir='ltr'>post</span> <span class='ocrx_word' id='word_1_153' title='bbox 705 1621 954 1663; x_wconf 85' lang='lat' dir='ltr'>sententiam</span> <span class='ocrx_word' id='word_1_154' title='bbox 1000 1620 1354 1663; x_wconf 83' lang='lat' dir='ltr'>condicionalem:</span> <span class='ocrx_word' id='word_1_155' title='bbox 1404 1622 1438 1663; x_wconf 90' lang='grc' dir='ltr'>εἰ</span> <span class='ocrx_word' id='word_1_156' title='bbox 1482 1623 1528 1663; x_wconf 83' lang='grc' dir='ltr'>δὲ</span> <span class='ocrx_word' id='word_1_157' title='bbox 1565 1623 1904 1674; x_wconf 83' lang='grc' dir='ltr'>προσγενήσεται</span> 
     </span>
     <span class='ocr_line' id='line_1_20' title="bbox 347 1691 1903 1745; baseline 0.001 -12"><span class='ocrx_word' id='word_1_158' title='bbox 347 1693 394 1733; x_wconf 75' lang='grc' dir='ltr'>ἓν</span> <span class='ocrx_word' id='word_1_159' title='bbox 427 1691 485 1733; x_wconf 81' lang='grc' dir='ltr'>ἔτι</span> <span class='ocrx_word' id='word_1_160' title='bbox 518 1695 608 1743; x_wconf 85' lang='grc' dir='ltr'>τοῖς</span> <span class='ocrx_word' id='word_1_161' title='bbox 642 1693 869 1742; x_wconf 86' lang='grc' dir='ltr'>πολεμίοις,</span> <span class='ocrx_word' id='word_1_162' title='bbox 915 1692 1027 1733; x_wconf 88' lang='grc' dir='ltr'>ὥστε</span> <span class='ocrx_word' id='word_1_163' title='bbox 1058 1693 1109 1733; x_wconf 91' lang='grc' dir='ltr'>τὰ</span> <span class='ocrx_word' id='word_1_164' title='bbox 1141 1693 1355 1743; x_wconf 89' lang='grc' dir='ltr'>τρέφοντα</span> <span class='ocrx_word' id='word_1_165' title='bbox 1393 1693 1502 1744; x_wconf 87' lang='grc' dir='ltr'>ἡμᾶς</span> <span class='ocrx_word' id='word_1_166' title='bbox 1534 1694 1668 1744; x_wconf 87' lang='grc' dir='ltr'>χωρία</span> <span class='ocrx_word' id='word_1_167' title='bbox 1698 1696 1774 1745; x_wconf 86' lang='grc' dir='ltr'>τῆς</span> <span class='ocrx_word' id='word_1_168' title='bbox 1801 1693 1903 1735; x_wconf 86' lang='grc' dir='ltr'>Ἰτα-</span> 
     </span>
     <span class='ocr_line' id='line_1_21' title="bbox 351 1760 1904 1817; baseline 0.002 -13"><span class='ocrx_word' id='word_1_169' title='bbox 351 1764 443 1813; x_wconf 88' lang='grc' dir='ltr'>λίας</span> <span class='ocrx_word' id='word_1_170' title='bbox 488 1764 596 1814; x_wconf 88' lang='grc' dir='ltr'>πρὸς</span> <span class='ocrx_word' id='word_1_171' title='bbox 641 1760 828 1813; x_wconf 80' lang='grc' dir='ltr'>ἐκείνους</span> <span class='ocrx_word' id='word_1_172' title='bbox 874 1766 1076 1814; x_wconf 86' lang='grc' dir='ltr'>χωρῆσαι,</span> <span class='ocrx_word' id='word_1_173' title='bbox 1122 1765 1532 1815; x_wconf 90' lang='grc' dir='ltr'>διαπεπολεμήσεται</span> <span class='ocrx_word' id='word_1_174' title='bbox 1577 1765 1723 1816; x_wconf 88' lang='grc' dir='ltr'>αὐτοῖς</span> <span class='ocrx_word' id='word_1_175' title='bbox 1755 1764 1904 1817; x_wconf 87' lang='grc' dir='ltr'>ἀμαχεί</span> 
     </span>
     <span class='ocr_line' id='line_1_22' title="bbox 349 1834 894 1888; baseline 0.002 -13"><span class='ocrx_word' id='word_1_176' title='bbox 349 1834 430 1875; x_wconf 94' lang='lat' dir='ltr'>VII</span> <span class='ocrx_word' id='word_1_177' title='bbox 467 1834 534 1887; x_wconf 84' lang='lat'>14,</span> <span class='ocrx_word' id='word_1_178' title='bbox 554 1835 594 1875; x_wconf 97' lang='lat'>3</span> <span class='ocrx_word' id='word_1_179' title='bbox 628 1834 732 1875; x_wconf 92' lang='lat' dir='ltr'>VIII</span> <span class='ocrx_word' id='word_1_180' title='bbox 765 1834 894 1888; x_wconf 77' lang='lat'><strong>86,6.</strong></span> 
     </span>
    </p>

    <p class='ocr_par' dir='ltr' id='par_1_10' title="bbox 491 1905 1329 1961">
     <span class='ocr_line' id='line_1_23' title="bbox 491 1905 1329 1961; baseline 0.001 -15"><span class='ocrx_word' id='word_1_181' title='bbox 491 1906 530 1956; x_wconf 86' lang='lat' dir='ltr'>e)</span> <span class='ocrx_word' id='word_1_182' title='bbox 565 1905 784 1947; x_wconf 84' lang='lat' dir='ltr'>Sententia</span> <span class='ocrx_word' id='word_1_183' title='bbox 816 1906 1016 1960; x_wconf 81' lang='lat' dir='ltr'>primaria</span> <span class='ocrx_word' id='word_1_184' title='bbox 1048 1906 1141 1960; x_wconf 82' lang='lat' dir='ltr'>ipsa</span> <span class='ocrx_word' id='word_1_185' title='bbox 1171 1905 1329 1961; x_wconf 84' lang='lat' dir='ltr'>pendet</span> 
     </span>
    </p>
   </div>
   <div class='ocr_carea' id='block_1_5' title="bbox 496 1976 1955 2035">
    <p class='ocr_par' dir='ltr' id='par_1_11' title="bbox 496 1976 1955 2035">
     <span class='ocr_line' id='line_1_24' title="bbox 496 1976 1955 2035; baseline 0.003 -19"><span class='ocrx_word' id='word_1_186' title='bbox 496 1978 530 2018; x_wconf 92' lang='grc'>1.</span> <span class='ocrx_word' id='word_1_187' title='bbox 594 1976 637 2017; x_wconf 89' lang='lat' dir='ltr'>in</span> <span class='ocrx_word' id='word_1_188' title='bbox 669 1976 874 2018; x_wconf 86' lang='lat' dir='ltr'>infinitivo</span> <span class='ocrx_word' id='word_1_189' title='bbox 906 1977 1045 2031; x_wconf 84' lang='lat' dir='ltr'>posita</span> <span class='ocrx_word' id='word_1_190' title='bbox 1067 1990 1119 2018; x_wconf 85' lang='lat' dir='ltr'>ex</span> <span class='ocrx_word' id='word_1_191' title='bbox 1143 1977 1271 2018; x_wconf 87' lang='lat' dir='ltr'>verbo</span> <span class='ocrx_word' id='word_1_192' title='bbox 1300 1977 1484 2031; x_wconf 82' lang='lat' dir='ltr'>dicendi,</span> <span class='ocrx_word' id='word_1_193' title='bbox 1519 1977 1790 2020; x_wconf 85' lang='lat' dir='ltr'>existimandi</span> <span class='ocrx_word' id='word_1_194' title='bbox 1811 1978 1903 2020; x_wconf 84' lang='lat' dir='ltr'>sim.</span> <span class='ocrx_word' id='word_1_195' title='bbox 1947 2031 1955 2035; x_wconf 14' lang='lat'>⁸</span> 
     </span>
    </p>
   </div>
   <div class='ocr_carea' id='block_1_6' title="bbox 350 2047 1908 3023">
    <p class='ocr_par' dir='ltr' id='par_1_12' title="bbox 350 2047 1908 2314">
     <span class='ocr_line' id='line_1_25' title="bbox 491 2047 1906 2102; baseline 0.002 -14"><span class='ocrx_word' id='word_1_196' title='bbox 491 2047 591 2097; x_wconf 84' lang='grc' dir='ltr'>τοὺς</span> <span class='ocrx_word' id='word_1_197' title='bbox 624 2048 703 2098; x_wconf 87' lang='grc' dir='ltr'>γὰρ</span> <span class='ocrx_word' id='word_1_198' title='bbox 738 2048 950 2097; x_wconf 87' lang='grc' dir='ltr'>Βοιωτοὺς</span> <span class='ocrx_word' id='word_1_199' title='bbox 995 2048 1134 2102; x_wconf 76' lang='grc' dir='ltr'>ᾤοντο</span> <span class='ocrx_word' id='word_1_200' title='bbox 1181 2051 1406 2090; x_wconf 84' lang='grc' dir='ltr'>πεπεῖσθαι</span> <span class='ocrx_word' id='word_1_201' title='bbox 1450 2049 1533 2090; x_wconf 84' lang='grc' dir='ltr'>ὑπὸ</span> <span class='ocrx_word' id='word_1_202' title='bbox 1566 2049 1906 2101; x_wconf 81' lang='grc' dir='ltr'>Λακεδαιμονίων</span> 
     </span>
     <span class='ocr_line' id='line_1_26' title="bbox 350 2117 1904 2171; baseline 0.003 -13"><span class='ocrx_word' id='word_1_203' title='bbox 350 2119 394 2168; x_wconf 80' lang='grc' dir='ltr'>ἐς</span> <span class='ocrx_word' id='word_1_204' title='bbox 427 2118 502 2168; x_wconf 87' lang='grc' dir='ltr'>τὰς</span> <span class='ocrx_word' id='word_1_205' title='bbox 536 2117 768 2168; x_wconf 86' lang='grc' dir='ltr'>Ἀθηναίων</span> <span class='ocrx_word' id='word_1_206' title='bbox 801 2119 995 2169; x_wconf 87' lang='grc' dir='ltr'>σπονδὰς</span> <span class='ocrx_word' id='word_1_207' title='bbox 1029 2119 1199 2168; x_wconf 81' lang='grc' dir='ltr'>ἐσιέναι,</span> <span class='ocrx_word' id='word_1_208' title='bbox 1231 2119 1332 2169; x_wconf 88' lang='grc' dir='ltr'>τούς</span> <span class='ocrx_word' id='word_1_209' title='bbox 1379 2133 1423 2160; x_wconf 92' lang='grc' dir='ltr'>τε</span> <span class='ocrx_word' id='word_1_210' title='bbox 1450 2120 1702 2171; x_wconf 80' lang='grc' dir='ltr'>Ἀθηναίους</span> <span class='ocrx_word' id='word_1_211' title='bbox 1749 2119 1904 2162; x_wconf 83' lang='grc' dir='ltr'>εἰδέναι</span> 
     </span>
     <span class='ocr_line' id='line_1_27' title="bbox 351 2188 1908 2242; baseline 0.003 -13"><span class='ocrx_word' id='word_1_212' title='bbox 351 2191 497 2242; x_wconf 82' lang='grc' dir='ltr'>ταῦτα,</span> <span class='ocrx_word' id='word_1_213' title='bbox 548 2188 659 2230; x_wconf 86' lang='grc' dir='ltr'>ὥστε</span> <span class='ocrx_word' id='word_1_214' title='bbox 693 2189 793 2230; x_wconf 79' lang='grc' dir='ltr'>οὐδὲ</span> <span class='ocrx_word' id='word_1_215' title='bbox 825 2190 932 2240; x_wconf 88' lang='grc' dir='ltr'>πρὸς</span> <span class='ocrx_word' id='word_1_216' title='bbox 960 2190 1213 2240; x_wconf 83' lang='grc' dir='ltr'>Ἀθηναίους</span> <span class='ocrx_word' id='word_1_217' title='bbox 1247 2189 1306 2231; x_wconf 78' lang='grc' dir='ltr'>ἔτι</span> <span class='ocrx_word' id='word_1_218' title='bbox 1351 2191 1503 2241; x_wconf 89' lang='grc' dir='ltr'>σφίσιν</span> <span class='ocrx_word' id='word_1_219' title='bbox 1535 2190 1642 2232; x_wconf 82' lang='grc' dir='ltr'>εἶναι</span> <span class='ocrx_word' id='word_1_220' title='bbox 1673 2191 1908 2242; x_wconf 88' lang='grc' dir='ltr'>ξυμμαχίαν</span> 
     </span>
     <span class='ocr_line' id='line_1_28' title="bbox 350 2260 1347 2314; baseline 0.001 -13"><span class='ocrx_word' id='word_1_221' title='bbox 350 2261 613 2310; x_wconf 84' lang='grc' dir='ltr'>ποιήσασθαι</span> <span class='ocrx_word' id='word_1_222' title='bbox 646 2260 683 2301; x_wconf 95' lang='lat' dir='ltr'>V</span> <span class='ocrx_word' id='word_1_223' title='bbox 714 2260 784 2313; x_wconf 83' lang='grc'>40,</span> <span class='ocrx_word' id='word_1_224' title='bbox 804 2262 844 2301; x_wconf 81' lang='grc'>2.</span> <span class='ocrx_word' id='word_1_225' title='bbox 877 2261 942 2301; x_wconf 93' lang='lat' dir='ltr'>III</span> <span class='ocrx_word' id='word_1_226' title='bbox 975 2261 1103 2314; x_wconf 78' lang='lat'>92‚4.</span> <span class='ocrx_word' id='word_1_227' title='bbox 1137 2261 1157 2301; x_wconf 92' lang='lat' dir='ltr'>I</span> <span class='ocrx_word' id='word_1_228' title='bbox 1192 2261 1288 2314; x_wconf 81' lang='lat'>124,</span> <span class='ocrx_word' id='word_1_229' title='bbox 1307 2261 1347 2302; x_wconf 84' lang='lat'>3.</span> 
     </span>
    </p>

    <p class='ocr_par' dir='ltr' id='par_1_13' title="bbox 350 2331 1905 2739">
     <span class='ocr_line' id='line_1_29' title="bbox 493 2331 1905 2383; baseline 0 -8"><span class='ocrx_word' id='word_1_230' title='bbox 493 2331 692 2383; x_wconf 73' lang='grc' dir='ltr'>(ἐνόμιζε)</span> <span class='ocrx_word' id='word_1_231' title='bbox 725 2333 800 2372; x_wconf 84' lang='grc' dir='ltr'>τοῦ</span> <span class='ocrx_word' id='word_1_232' title='bbox 834 2331 976 2372; x_wconf 84' lang='grc' dir='ltr'>αὑτῶν</span> <span class='ocrx_word' id='word_1_233' title='bbox 999 2332 1293 2382; x_wconf 89' lang='grc' dir='ltr'>στρατοπέδου</span> <span class='ocrx_word' id='word_1_234' title='bbox 1316 2335 1538 2383; x_wconf 88' lang='grc' dir='ltr'>καταφανῆ</span> <span class='ocrx_word' id='word_1_235' title='bbox 1563 2332 1615 2373; x_wconf 83' lang='grc' dir='ltr'>ἂν</span> <span class='ocrx_word' id='word_1_236' title='bbox 1637 2331 1743 2374; x_wconf 85' lang='grc' dir='ltr'>εἶναι</span> <span class='ocrx_word' id='word_1_237' title='bbox 1765 2331 1905 2375; x_wconf 90' lang='grc' dir='ltr'>πάντα</span> 
     </span>
     <span class='ocr_line' id='line_1_30' title="bbox 350 2401 1904 2460; baseline 0.003 -19"><span class='ocrx_word' id='word_1_238' title='bbox 350 2402 401 2441; x_wconf 88' lang='grc' dir='ltr'>τὰ</span> <span class='ocrx_word' id='word_1_239' title='bbox 433 2402 718 2452; x_wconf 88' lang='grc' dir='ltr'>ἁμαρτήματα,</span> <span class='ocrx_word' id='word_1_240' title='bbox 763 2401 875 2443; x_wconf 83' lang='grc' dir='ltr'>ὥστε</span> <span class='ocrx_word' id='word_1_241' title='bbox 907 2403 1188 2452; x_wconf 89' lang='grc' dir='ltr'>προσπίπτειν</span> <span class='ocrx_word' id='word_1_242' title='bbox 1233 2403 1285 2443; x_wconf 82' lang='grc' dir='ltr'>ἂν</span> <span class='ocrx_word' id='word_1_243' title='bbox 1317 2403 1474 2453; x_wconf 83' lang='grc' dir='ltr'>αὐτοὺς</span> <span class='ocrx_word' id='word_1_244' title='bbox 1511 2402 1847 2455; x_wconf 81' lang='grc' dir='ltr'>ἀπροσδοκήτως</span> <span class='ocrx_word' id='word_1_245' title='bbox 1877 2404 1904 2460; x_wconf 83' lang='grc' dir='ltr'>ᾖ</span> 
     </span>
     <span class='ocr_line' id='line_1_31' title="bbox 353 2472 1904 2530; baseline 0.003 -17"><span class='ocrx_word' id='word_1_246' title='bbox 353 2472 577 2523; x_wconf 86' lang='grc' dir='ltr'>βούλοιντο</span> <span class='ocrx_word' id='word_1_247' title='bbox 609 2473 668 2514; x_wconf 87' lang='lat' dir='ltr'>IV</span> <span class='ocrx_word' id='word_1_248' title='bbox 702 2473 771 2525; x_wconf 75' lang='lat'>29,</span> <span class='ocrx_word' id='word_1_249' title='bbox 790 2474 830 2514; x_wconf 83' lang='lat'>3.</span> <span class='ocrx_word' id='word_1_250' title='bbox 867 2473 934 2526; x_wconf 74' lang='lat'>73,</span> <span class='ocrx_word' id='word_1_251' title='bbox 958 2474 998 2514; x_wconf 83' lang='lat'>3.</span> <span class='ocrx_word' id='word_1_252' title='bbox 1032 2473 1097 2514; x_wconf 90' lang='lat' dir='ltr'>De</span> <span class='ocrx_word' id='word_1_253' title='bbox 1120 2472 1172 2514; x_wconf 91' lang='grc' dir='ltr'>ἄν</span> <span class='ocrx_word' id='word_1_254' title='bbox 1193 2477 1302 2528; x_wconf 85' lang='lat' dir='ltr'>part.</span> <span class='ocrx_word' id='word_1_255' title='bbox 1326 2487 1365 2515; x_wconf 93' lang='lat' dir='ltr'>v.</span> <span class='ocrx_word' id='word_1_256' title='bbox 1388 2487 1430 2528; x_wconf 87' lang='lat' dir='ltr'>p.</span> <span class='ocrx_word' id='word_1_257' title='bbox 1448 2474 1502 2516; x_wconf 80' lang='lat'>57</span> <span class='ocrx_word' id='word_1_258' title='bbox 1523 2487 1584 2527; x_wconf 89' lang='lat' dir='ltr'>sq.</span> <span class='ocrx_word' id='word_1_259' title='bbox 1648 2474 1743 2528; x_wconf 87' lang='lat' dir='ltr'>Huc</span> <span class='ocrx_word' id='word_1_260' title='bbox 1779 2475 1904 2530; x_wconf 87' lang='lat' dir='ltr'>perti-</span> 
     </span>
     <span class='ocr_line' id='line_1_32' title="bbox 350 2542 1905 2599; baseline 0.003 -16"><span class='ocrx_word' id='word_1_261' title='bbox 350 2547 449 2584; x_wconf 86' lang='lat' dir='ltr'>nent</span> <span class='ocrx_word' id='word_1_262' title='bbox 482 2542 684 2584; x_wconf 80' lang='lat' dir='ltr'>orationis</span> <span class='ocrx_word' id='word_1_263' title='bbox 716 2543 913 2596; x_wconf 87' lang='lat' dir='ltr'>obliquae</span> <span class='ocrx_word' id='word_1_264' title='bbox 946 2544 1161 2599; x_wconf 87' lang='lat' dir='ltr'>exempla:</span> <span class='ocrx_word' id='word_1_265' title='bbox 1197 2543 1308 2585; x_wconf 86' lang='grc' dir='ltr'>ὥστε</span> <span class='ocrx_word' id='word_1_266' title='bbox 1353 2545 1566 2595; x_wconf 87' lang='grc' dir='ltr'>Βοιωτοὺς</span> <span class='ocrx_word' id='word_1_267' title='bbox 1599 2545 1905 2597; x_wconf 88' lang='grc' dir='ltr'>προαγορεύειν</span> 
     </span>
     <span class='ocr_line' id='line_1_33' title="bbox 351 2613 1905 2668; baseline 0.003 -14"><span class='ocrx_word' id='word_1_268' title='bbox 351 2614 507 2664; x_wconf 85' lang='grc' dir='ltr'>αὐτοὺς</span> <span class='ocrx_word' id='word_1_269' title='bbox 541 2614 586 2655; x_wconf 82' lang='grc' dir='ltr'>ἐκ</span> <span class='ocrx_word' id='word_1_270' title='bbox 616 2616 692 2655; x_wconf 87' lang='grc' dir='ltr'>τοῦ</span> <span class='ocrx_word' id='word_1_271' title='bbox 724 2615 839 2665; x_wconf 76' lang='grc' dir='ltr'>ἱεροῦ</span> <span class='ocrx_word' id='word_1_272' title='bbox 873 2613 1078 2665; x_wconf 88' lang='grc' dir='ltr'>ἀπιόντας</span> <span class='ocrx_word' id='word_1_273' title='bbox 1126 2613 1421 2666; x_wconf 88' lang='grc' dir='ltr'>ἀποφέρεσθαι</span> <span class='ocrx_word' id='word_1_274' title='bbox 1461 2616 1511 2656; x_wconf 87' lang='grc' dir='ltr'>τὰ</span> <span class='ocrx_word' id='word_1_275' title='bbox 1543 2616 1733 2668; x_wconf 85' lang='grc' dir='ltr'>σφέτερα</span> <span class='ocrx_word' id='word_1_276' title='bbox 1763 2616 1905 2659; x_wconf 84' lang='grc' dir='ltr'>αὐτῶν</span> 
     </span>
     <span class='ocr_line' id='line_1_34' title="bbox 350 2684 872 2739; baseline 0.002 -14"><span class='ocrx_word' id='word_1_277' title='bbox 350 2684 410 2725; x_wconf 92' lang='lat' dir='ltr'>IV</span> <span class='ocrx_word' id='word_1_278' title='bbox 442 2685 511 2738; x_wconf 82' lang='lat'>97,</span> <span class='ocrx_word' id='word_1_279' title='bbox 530 2685 569 2725; x_wconf 86' lang='lat'>4.</span> <span class='ocrx_word' id='word_1_280' title='bbox 605 2685 710 2726; x_wconf 92' lang='lat' dir='ltr'>VIII</span> <span class='ocrx_word' id='word_1_281' title='bbox 746 2685 813 2739; x_wconf 84' lang='grc'>76,</span> <span class='ocrx_word' id='word_1_282' title='bbox 832 2685 872 2726; x_wconf 87' lang='grc'>6.</span> 
     </span>
    </p>

    <p class='ocr_par' dir='ltr' id='par_1_14' title="bbox 491 2755 1573 2811">
     <span class='ocr_line' id='line_1_35' title="bbox 491 2755 1573 2811; baseline 0.002 -15"><span class='ocrx_word' id='word_1_283' title='bbox 491 2755 531 2796; x_wconf 79' lang='lat'>2.</span> <span class='ocrx_word' id='word_1_284' title='bbox 594 2756 636 2796; x_wconf 91' lang='lat' dir='ltr'>in</span> <span class='ocrx_word' id='word_1_285' title='bbox 668 2756 892 2811; x_wconf 86' lang='lat' dir='ltr'>participio</span> <span class='ocrx_word' id='word_1_286' title='bbox 924 2757 1064 2811; x_wconf 87' lang='lat' dir='ltr'>posita</span> <span class='ocrx_word' id='word_1_287' title='bbox 1095 2769 1149 2798; x_wconf 87' lang='lat' dir='ltr'>ex</span> <span class='ocrx_word' id='word_1_288' title='bbox 1181 2757 1310 2799; x_wconf 88' lang='lat' dir='ltr'>verbo</span> <span class='ocrx_word' id='word_1_289' title='bbox 1343 2755 1573 2799; x_wconf 88' lang='lat' dir='ltr'>sentiendi:</span> 
     </span>
    </p>

    <p class='ocr_par' dir='ltr' id='par_1_15' title="bbox 350 2826 1905 3023">
     <span class='ocr_line' id='line_1_36' title="bbox 492 2826 1905 2881; baseline 0.003 -14"><span class='ocrx_word' id='word_1_290' title='bbox 492 2827 558 2867; x_wconf 86' lang='grc' dir='ltr'>καὶ</span> <span class='ocrx_word' id='word_1_291' title='bbox 592 2826 721 2877; x_wconf 89' lang='grc' dir='ltr'>αὐτὸς</span> <span class='ocrx_word' id='word_1_292' title='bbox 754 2829 929 2868; x_wconf 84' lang='grc' dir='ltr'>πολλῶν</span> <span class='ocrx_word' id='word_1_293' title='bbox 975 2828 1054 2878; x_wconf 84' lang='grc' dir='ltr'>ἤδη</span> <span class='ocrx_word' id='word_1_294' title='bbox 1102 2829 1301 2879; x_wconf 92' lang='grc' dir='ltr'>πολέμων</span> <span class='ocrx_word' id='word_1_295' title='bbox 1349 2827 1545 2880; x_wconf 83' lang='grc' dir='ltr'>ἔμπειρός</span> <span class='ocrx_word' id='word_1_296' title='bbox 1578 2828 1657 2880; x_wconf 90' lang='grc' dir='ltr'>εἰμι</span> <span class='ocrx_word' id='word_1_297' title='bbox 1689 2830 1755 2870; x_wconf 89' lang='grc' dir='ltr'>καὶ</span> <span class='ocrx_word' id='word_1_298' title='bbox 1787 2829 1905 2881; x_wconf 86' lang='grc' dir='ltr'>ὑμῶν</span> 
     </span>
     <span class='ocr_line' id='line_1_37' title="bbox 350 2897 1904 2952; baseline 0.003 -15"><span class='ocrx_word' id='word_1_299' title='bbox 350 2898 451 2947; x_wconf 88' lang='grc' dir='ltr'>τοὺς</span> <span class='ocrx_word' id='word_1_300' title='bbox 484 2897 530 2938; x_wconf 84' lang='grc' dir='ltr'>ἐν</span> <span class='ocrx_word' id='word_1_301' title='bbox 561 2901 609 2952; x_wconf 82' lang='grc' dir='ltr'>τῇ</span> <span class='ocrx_word' id='word_1_302' title='bbox 644 2898 747 2952; x_wconf 84' lang='grc' dir='ltr'>αὐτῇ</span> <span class='ocrx_word' id='word_1_303' title='bbox 792 2898 929 2952; x_wconf 84' lang='grc' dir='ltr'>ἡλικίᾳ</span> <span class='ocrx_word' id='word_1_304' title='bbox 977 2898 1065 2949; x_wconf 86' lang='grc' dir='ltr'>ὁρῶ</span> <span class='ocrx_word' id='word_1_305' title='bbox 1096 2899 1443 2950; x_wconf 68' lang='grc' dir='ltr'>.(3ο.,ἐμπείρους</span> <span class='ocrx_word' id='word_1_306' title='bbox 1488 2898 1647 2951; x_wconf 86' lang='grc' dir='ltr'>ὄντας),</span> <span class='ocrx_word' id='word_1_307' title='bbox 1692 2899 1804 2942; x_wconf 86' lang='grc' dir='ltr'>ὥστε</span> <span class='ocrx_word' id='word_1_308' title='bbox 1849 2900 1904 2951; x_wconf 87' lang='grc' dir='ltr'>μὴ</span> 
     </span>
     <span class='ocr_line' id='line_1_38' title="bbox 351 2967 1408 3023; baseline 0.003 -15"><span class='ocrx_word' id='word_1_309' title='bbox 351 2967 519 3021; x_wconf 88' lang='grc' dir='ltr'>ἀπειρίᾳ</span> <span class='ocrx_word' id='word_1_310' title='bbox 553 2968 804 3019; x_wconf 82' lang='grc' dir='ltr'>ἐπιθυμῆσαί</span> <span class='ocrx_word' id='word_1_311' title='bbox 837 2982 930 3010; x_wconf 90' lang='grc' dir='ltr'>τινα</span> <span class='ocrx_word' id='word_1_312' title='bbox 961 2971 1036 3010; x_wconf 84' lang='grc' dir='ltr'>τοῦ</span> <span class='ocrx_word' id='word_1_313' title='bbox 1070 2969 1194 3020; x_wconf 84' lang='grc' dir='ltr'>ἔργου</span> <span class='ocrx_word' id='word_1_314' title='bbox 1227 2969 1249 3011; x_wconf 94' lang='grc' dir='ltr'>Ι</span> <span class='ocrx_word' id='word_1_315' title='bbox 1281 2969 1408 3023; x_wconf 90' lang='grc'>80,1.</span> 
     </span>
    </p>
   </div>
  </div>
 </body>
</html>
