2034 3458
819 294 860 302 --
913 278 954 312 31
1010 298 1050 303 —

290 389 336 448 b)
383 391 710 452 Comparativus
742 411 836 440 cum
869 399 892 449 ἤ
928 400 1176 442 coniunctus
1215 398 1451 444 antecedit:
1500 398 1718 455 φοβοῦμαι

148 463 215 513 ἀεὶ
245 466 301 518 μή
332 481 372 509 τι
404 470 548 519 μεῖζον
580 469 605 519 ἢ
639 468 752 510 ὥστε
784 470 932 521 φέρειν
965 471 1176 514 δύνασθαι
1209 473 1339 515 κακὸν
1361 477 1410 528 τῇ
1433 474 1555 516 πόλει
1578 477 1717 530 συμβῇ

32 523 117 593 22:2⁷
148 535 311 581 comm.
343 537 410 580 111
441 538 483 594 5,
510 539 577 581 ιτ.
611 539 722 582 Heu.
755 540 816 582 1v
849 542 888 595 8,
913 542 983 583 23.
1018 542 1155 585 Anah.
1176 543 1257 585 vn
1285 544 1327 598 4,
1355 545 1422 586 12.
1456 544 1636 587 eandem
1668 546 1719 587 si-

147 607 466 664 gnificationem
499 609 630 653 habet
661 612 882 667 positivus,
917 627 1041 667 quem
1074 614 1253 669 legimus
1285 615 1447 658 Comm.
1482 617 1547 658 III
1583 617 1717 671 13,3:

105 704 108 707 ⁴
145 679 215 734 (τὸ
244 678 380 734 ὕδωρ)
419 680 590 734 ψυχρόν
630 683 749 725 ἐστιν
789 683 902 726 ὥστε
943 685 1184 727 λούσασθαι
1233 686 1364 739 (ὥστε
1397 686 1516 729 deest
1549 687 1647 743 Cyr.
1682 689 1718 730 V

23 733 31 746 ,ὁ
67 767 71 771 ·
146 750 191 807 2,
210 750 261 795 4:
293 751 410 808 ἑώρα
441 753 698 806 ἰσχυρότερα
728 755 870 797 πάντα
901 757 926 807 ἢ
959 758 1244 811 προσελθεῖν).

291 825 333 878 c)
378 824 601 868 Sententia
633 826 940 882 interrogativa
973 842 1097 870 sensu
1129 830 1330 884 negativo
1369 830 1565 886 praedita
1604 836 1719 873 ante-

148 893 285 939 cedit:
318 895 434 939 τοῦτ’
468 896 548 939 οὖν
580 897 699 940 ἔστιν
731 898 852 950 ὅπως
885 914 948 951 τις
982 900 1035 942 ἂν
1067 901 1176 952 ὑμᾶς
1209 901 1483 952 ἐξαπατήσαι,
1516 902 1629 944 ὥστε
1651 903 1718 954 ἑμ-

29 967 33 973 ’
85 987 90 991 «
149 966 322 1020 βαίνειν,
369 967 535 1010 ὁπόταν
575 970 703 1021 νότος
744 971 870 1026 πνέῃ;
917 971 1054 1014 Anab.
1090 972 1126 1014 V
1161 973 1200 1026 7,
1226 973 1264 1015 7.
1314 973 1474 1015 Colnm.
1508 974 1550 1014 II
1583 975 1718 1027 6,11.

148 1038 282 1083 Conv.
314 1039 357 1095 4,
379 1040 451 1082 53.
492 1042 560 1083 καὶ
592 1042 754 1093 πότερα
786 1043 938 1094 παῖδές
972 1043 1053 1085 εἰσι
1086 1044 1398 1096 φρονιμώτεροι
1424 1044 1536 1087 ὥστε
1570 1048 1718 1096 μαθεῖν

146 1110 201 1158 τὰ
231 1111 483 1164 φραζόμενα
515 1114 583 1155 καὶ
615 1114 867 1165 δεικνύμενα
899 1115 924 1166 ἢ
957 1114 1132 1166 ἄνδρες;
1166 1115 1265 1171 Cyr.
1289 1116 1349 1157 IV
1371 1116 1412 1170 3,
1440 1118 1507 1158 11.
1555 1116 1718 1159 Eodem

147 1182 240 1226 iure
271 1186 370 1239 post
400 1185 655 1227 sententiam
687 1185 1037 1240 interrogativam
1063 1186 1376 1241 disiunctivam,
1410 1187 1604 1241 quamvis
1635 1202 1719 1230 non

147 1254 204 1299 sit
241 1255 434 1311 negativi
473 1269 633 1310 sensus,
682 1258 934 1301 infinitivum
974 1259 1109 1301 solum
1148 1259 1286 1302 locum
1327 1259 1486 1302 habere
1518 1264 1717 1315 apparet:

147 1326 311 1379 πότερα
342 1328 390 1370 δὲ
421 1327 528 1370 ὅλον
559 1329 610 1370 τὸ
642 1331 779 1380 κλῆμα
812 1329 944 1381 ὀρθὸν
976 1331 1104 1381 τιθεὶς
1137 1331 1246 1382 πρὸς
1284 1332 1360 1373 τὸν
1399 1331 1587 1383 οὐρανὸν
1629 1331 1719 1383 βλέ-

143 1396 235 1442 ’πον
272 1397 368 1451 ἡγεῖ
407 1401 572 1451 μᾶλλον
612 1400 666 1442 ἂν
706 1400 927 1453 ῥιζοῦσθαι
967 1402 1072 1444 αὐτὸ
1110 1403 1134 1453 ἢ
1168 1403 1235 1444 καὶ
1267 1402 1450 1452 πλάγιόν
1482 1417 1520 1444 τι
1553 1403 1637 1444 ὑπὸ
1668 1407 1718 1458 τῇ

64 1488 67 1490 ·
148 1469 474 1527 ὑποβεβλημένῃ
507 1476 560 1528 γῇ
593 1472 708 1523 θείης
742 1472 806 1523 ἄν,
855 1472 967 1515 ὥστε
1000 1476 1164 1515 κεῖσθαι
1197 1473 1344 1525 ὥσπερ
1375 1474 1518 1526 γάμμα
1550 1473 1719 1524 ὕπτιον;

149 1540 276 1585 Οὕτω
308 1543 360 1595 νὴ
393 1543 492 1586 Δία.
555 1543 658 1587 Oce.
695 1544 762 1598 19,
787 1545 813 1586 9
855 1543 925 1596 (de
958 1546 1178 1587 sententiis
1210 1545 1531 1600 interrogativis
1562 1545 1719 1601 simpli-

147 1608 282 1669 cibus,
330 1627 442 1669 quae
480 1628 618 1669 neque
657 1615 845 1671 pendent
885 1630 911 1658 a
950 1616 1091 1659 verbis
1128 1616 1422 1672 interrogandi
1455 1617 1547 1659 sim.
1581 1630 1717 1671 neque

147 1698 275 1730 sensu
305 1687 510 1742 negativo
542 1686 767 1743 praeditae
799 1691 909 1742 sunt,
943 1703 983 1730 v.
1016 1702 1058 1744 p.
1091 1688 1149 1730 50
1171 1690 1265 1742 sq.).

293 1756 338 1812 d)
386 1757 609 1801 Sententia
640 1758 899 1802 antecedens
931 1760 1229 1815 imperativum
1261 1763 1335 1801 aut
1367 1760 1499 1803 verba
1531 1762 1606 1810 δεῖ,
1638 1761 1717 1812 χρή

146 1828 243 1873 sim.
275 1821 484 1872 continet:
519 1830 561 1872 αἱ
593 1831 800 1882 πτέρυγες
833 1834 1025 1873 τοιαῦται
1058 1832 1125 1873 καὶ
1153 1834 1360 1873 τοσαῦται
1383 1831 1584 1874 ἔστωσαν
1607 1831 1719 1873 ὥστε

102 1916 105 1917 ’
149 1901 318 1952 στέγειν
347 1901 401 1943 τὰ
433 1902 536 1954 μέλη
570 1902 622 1944 R.
655 1915 750 1956 equ.
788 1903 855 1957 12,
878 1903 919 1944 4.
953 1903 994 1956 4,
1023 1904 1059 1944 1.
1101 1902 1203 1946 Oec.
1240 1905 1277 1957 1,
1305 1903 1372 1944 14.
1409 1904 1447 1957 1,
1473 1904 1541 1945 15.
1587 1903 1717 1958 Hipp.

149 1972 207 2028 8,ι
226 1973 268 2016 1.

292 2045 372 2088 His
402 2044 794 2098 locisginfinitivum
826 2060 910 2088 non
943 2046 1033 2089 sine
1066 2046 1229 2088 ratione
1252 2050 1498 2102 usurpatum
1521 2059 1613 2088 esse
1637 2060 1719 2087 non

149 2116 285 2160 solum
316 2115 416 2159 inde
448 2117 587 2160 elucet
619 2117 733 2171 quod
766 2131 848 2159 non
882 2117 935 2159 (lc
968 2132 1012 2159 rc
1045 2118 1199 2172 agitur,
1248 2131 1358 2171 quae
1395 2131 1545 2160 revera
1576 2131 1719 2161 consc-

149 2181 319 2244 quatur.
335 2188 405 2232 vel
437 2194 668 2233 consecuta
699 2190 767 2244 sit,
801 2203 937 2243 neque
970 2203 1155 2244 unquam
1187 2194 1283 2245 post
1306 2190 1603 2245 imperativum
1626 2189 1718 2231 sim.

149 2259 266 2304 modi
296 2259 405 2304 finiti
436 2260 732 2316 admittuntur,
781 2261 856 2304 sed
890 2262 1018 2304 etiam
1052 2275 1101 2303 eo
1134 2261 1447 2303 demonstratur
1479 2260 1592 2315 quod
1625 2266 1719 2316 post

0 2324 7 2347 ’ὲ
80 2362 82 2365 >
149 2332 412 2376 elocutiones
442 2335 657 2375 τοσοῦτον
687 2334 891 2385 διαφέρει,
930 2334 1133 2384 διήνεγκε,
1172 2333 1368 2388 τοσούτῳ
1404 2333 1612 2384 διέφερεν,
1651 2346 1719 2374 το-

149 2406 314 2447 σοῦτον
330 2405 592 2457 περιεγένου,
610 2405 831 2457 ὑπερέσχε,
849 2405 1187 2457 ὑπερβεβλήκασι
1206 2405 1454 2460 saepissime
1475 2403 1591 2446 modi
1613 2403 1719 2445 finiti

150 2480 408 2533 usurpantur
439 2477 568 2530 (Hell.
602 2477 640 2518 V
672 2478 714 2531 3,
738 2478 809 2519 21.
842 2477 883 2531 3,
907 2477 978 2518 22.
1013 2476 1111 2532 Cyr.
1146 2477 1165 2518 I
1202 2478 1238 2530 1,
1262 2477 1303 2517 4.
1342 2476 1452 2518 Hell.
1487 2476 1551 2517 III
1587 2477 1624 2529 1,
1652 2476 1718 2517 10.

115 2581 118 2586 .
151 2547 252 2605 Oyr.
285 2548 352 2591 III
387 2549 426 2604 1,
452 2549 520 2591 19.
570 2548 734 2604 Oyneg.
771 2550 809 2603 1,
835 2549 874 2591 7.
923 2548 1033 2590 Hell.
1068 2548 1150 2590 VII
1183 2548 1224 2602 3,
1248 2548 1307 2602 6),
1355 2547 1585 2590 infinitivus
1621 2560 1720 2588 non-

149 2620 234 2665 nisi
265 2620 490 2664 coniuncto
522 2621 653 2664 verbo
687 2624 751 2663 δεῖ
783 2623 924 2662 exstat
956 2620 1102 2675 (Hipp.
1136 2620 1176 2673 8,
1204 2621 1260 2672 1).

297 2694 338 2746 e)
386 2692 610 2736 Sententia
641 2691 900 2735 antecedens
941 2691 1140 2747 exprimit
1180 2704 1268 2733 rem
1308 2690 1494 2744 aliquam
1531 2690 1592 2732 ita
1631 2689 1720 2731 fieri

151 2777 292 2822 posse,
324 2768 371 2807 ut
402 2765 488 2807 alia
519 2778 587 2807 res
619 2765 820 2818 consequi
852 2763 987 2820 possit
1019 2765 1062 2816 α)
1095 2767 1168 2804 aut
1200 2763 1339 2805 verbis
1371 2761 1720 2818 impersonalibus

152 2835 256 2887 ἔστι,
299 2837 501 2888 περίεστι,
547 2836 641 2879 οἷόν
681 2837 726 2878 τέ
766 2837 874 2877 ἑστιε
922 2836 989 2876 καὶ
1029 2835 1110 2886 γὰρ
1154 2835 1205 2876 τὰ
1250 2834 1502 2885 ὑποδήματα
1546 2835 1721 2874 τοιαῦτα

73 2953 77 2957 ,
153 2907 330 2960 ἔχουσιν
361 2908 408 2950 ἐν
441 2907 506 2959 οἷς
540 2908 724 2960 μάλιστα
758 2910 904 2950 λαθεῖν
936 2907 1026 2949 ἔστι
1059 2907 1126 2948 καὶ
1159 2906 1490 2957 ὑποτιθεμένους
1520 2919 1570 2955 τι,
1608 2904 1720 2946 ὥστε

153 2982 297 3024 δοκεῖν
329 2981 497 3033 μείζους
530 2979 637 3022 εἶναι
669 2981 694 3031 ἢ
728 2980 809 3021 εἰσί
857 2978 956 3034 Cyr.
988 2978 1091 3020 Vlll
1129 2979 1164 3030 l,
1188 2978 1260 3018 41.
1324 2977 1511 3028 περίεστί
1545 2989 1612 3028 μοι
1645 2974 1719 3027 ἀμ-
