2034 3458
1019 332 1252 377 -1'4-

363 459 639 517 ἐφοβήθησαν
672 462 737 506 καὶ
771 462 871 515 μετὰ
904 462 978 514 τὰς
1012 462 1206 514 φυλακὰς
1240 462 1344 513 αὐτὴ
1377 462 1401 513 ἡ
1435 459 1609 513 στρατιὴ
1650 455 1764 503 οὕτω
1803 454 1916 504 ὥστε
1959 513 1961 515 ¹

363 536 706 587 τετρακισχιλίων
738 538 942 586 κρατῆσαι
976 536 1137 584 νεκρῶν
1169 534 1234 574 καί
1267 533 1463 574 ἀσπίδων
1495 533 1670 583 Φωκέας
1709 532 1813 574 VIII
1844 532 1915 574 27.

363 606 489 657 οὗτος
523 607 650 657 μέγας
685 605 797 646 οὕτω
830 605 955 656 ε’ρρύη
991 604 1103 645 ὥστε
1134 605 1234 654 τοὺς
1272 604 1426 654 ἱππέας
1465 604 1518 654 μὴ
1558 603 1678 653 οἵους
1718 617 1762 644 τε
1800 602 1915 653 γενέ-

363 681 460 718 σθαι
501 679 693 728 διαβῆναι
738 676 838 716 VIII
875 676 970 716 138.
1049 675 1248 725 ἐνίκησαν
1287 675 1388 724 τοὺς
1430 675 1690 725 Κυρηναίους
1729 675 1916 715 τοσοῦτο

363 747 474 788 ὥστε
507 747 847 797 ἑπτακισχιλίους
881 746 1058 795 ὁπλίτας
1084 746 1328 796 Κυρηναίων
1351 745 1534 786 ἐνθαῦτα
1555 747 1704 786 πεσεῖν
1736 744 1796 786 IV
1816 744 1915 786 160.

503 818 543 861 3.
592 831 678 858 aor.
713 821 753 858 et
785 830 920 871 praes.
954 816 1027 858 inf.
1060 821 1156 870 post
1187 829 1273 857 aor.
1306 815 1393 856 ind.
1433 815 1629 866 διορύξας
1662 816 1737 857 τὸν
1768 817 1916 867 τοῖχον

362 888 522 939 ἀπέδρη
557 889 600 938 ἐς
633 888 791 938 Τεγέην
823 888 897 937 τὰς
931 888 1005 938 μὲν
1039 887 1191 937 νύκτας
1225 887 1526 937 πορευόμενος,
1571 886 1646 937 τὰς
1680 887 1726 927 δὲ
1757 886 1915 938 ἡμέρας

362 959 610 1000 καταδύνων
643 959 687 1008 ἐς
721 957 828 1008 ὕλην
860 959 925 998 καὶ
959 958 1244 1008 αὐλιζόμενος,
1285 956 1398 998 οὕτω
1431 957 1543 998 ὥστε
1575 956 1916 1008 Λακεδαιμονίων

361 1031 567 1080 πανδημεὶ
601 1029 834 1079 διζημένων
865 1029 981 1082 τρίτῃ
1015 1028 1205 1082 εὐφρόνῃ
1238 1029 1435 1077 γενέσθαι
1468 1028 1514 1069 ἐν
1546 1028 1688 1082 Τεγέῃ,
1735 1028 1837 1078 τοὺς
1861 1028 1916 1069 -δὲ

361 1101 406 1141 ἐν
439 1101 597 1150 θώματι
631 1099 798 1154 μεγάλῳ
833 1100 1051 1150 ἐνέχεσθαι
1084 1102 1159 1149 τῆς
1192 1099 1350 1149 τόλμης
1384 1099 1446 1139 IX
1480 1099 1550 1140 37.

502 1172 549 1212 In
582 1170 790 1211 nonnullis
822 1170 968 1211 horum
1001 1170 1186 1211 locorum
1219 1169 1333 1211 οὕτω
1365 1183 1447 1210 non
1480 1169 1534 1211 ad
1572 1145 1795 1224 singulas-
1791 1182 1916 1212 vocu-

360 1242 422 1283 las
468 1242 699 1296 pertiner,e
753 1240 827 1282 sed
875 1241 1003 1281 totius
1050 1240 1349 1282 enuntiationis
1396 1241 1620 1295 piwinialiae
1668 1240 1916 1294 qualitatem

361 1311 538 1353 eundem
571 1312 613 1352 in
647 1311 815 1352 modum
850 1311 1207 1366 comprehendere
1237 1325 1289 1353 ac
1314 1316 1500 1353 nostrum
1533 1310 1607 1353 ‘so'
1642 1311 1686 1352 in
1717 1310 1781 1354 ‘so
1798 1309 1916 1355 dass'

361 1383 426 1424 vel
459 1382 657 1423 Latinum
690 1381 786 1423 ‘ita'
819 1381 860 1422 in
894 1381 972 1423 ‘ita
1004 1381 1066 1423 ut'
1104 1387 1218 1423 reete
1256 1383 1416 1423 monuit
1448 1381 1601 1424 Seume
1635 1395 1674 1437 p.
1707 1381 1784 1436 353
1834 1381 1916 1424 hue

363 1453 585 1494 referenda
617 1457 712 1494 sunt
745 1466 795 1493 ex
829 1452 1035 1507 exemplis
1067 1466 1194 1507 supra
1225 1453 1385 1494 allatis:
1434 1453 1539 1494 VIII
1561 1453 1631 1494 27.
1664 1453 1729 1494 ΙΧ
1750 1453 1822 1495 37.
1844 1452 1915 1494 61.

364 1524 416 1564 73
451 1523 509 1575 (in
549 1524 738 1565 oratione
779 1523 949 1576 obliqua
981 1523 1046 1564 III
1082 1524 1196 1575 105).
1260 1523 1422 1565 Ceteris
1454 1527 1595 1565 autem
1626 1523 1731 1565 locis
1763 1523 1783 1565 I
1814 1524 1916 1566 212.

359 1594 464 1635 VIII
500 1594 596 1635 144.
645 1594 708 1634 IX
743 1594 797 1635 70
846 1594 882 1645 (I
915 1594 956 1635 9.
997 1594 1056 1635 IV
1093 1594 1174 1635 136
1215 1593 1327 1635 ὥστε
1359 1594 1611 1649 particulam
1642 1593 1757 1636 finali
1789 1607 1913 1637 sensu

358 1664 594 1720 praeditam
627 1664 845 1716 exhibent)
879 1664 992 1706 οὕτω
1025 1664 1273 1707 adverbium
1305 1664 1360 1706 ad
1388 1665 1576 1719 singulas
1597 1678 1725 1707 voces
1746 1664 1914 1708 aceedit

357 1749 493 1788 neque
518 1735 640 1777 aliter
665 1740 909 1790 usurpatum
936 1749 1026 1777 esse
1052 1735 1306 1777 censendum
1330 1740 1393 1777 est
1418 1741 1545 1790 atque
1578 1735 1691 1778 οὕτω
1723 1736 1767 1778 in
1799 1735 1913 1779 οὕτω

357 1807 483 1858 ἐρρύη
518 1807 629 1848 ὥστε
668 1807 771 1848 VIII
808 1807 888 1847 138
938 1811 979 1848 et
1026 1810 1211 1848 τοσοῦτο
1251 1807 1293 1848 in
1333 1808 1534 1858 ἐνίκησαν
1573 1810 1759 1849 τοσοῦτο
1801 1807 1914 1850 ὥστε

359 1878 417 1919 IV
453 1878 548 1918 160.
612 1877 875 1930 Quamquam
915 1877 1045 1931 igitur
1084 1878 1197 1933 apud
1230 1878 1492 1920 Herodotum
1532 1878 1646 1920 οὕτω
1680 1878 1792 1920 ὥστε
1825 1892 1914 1921 sae-

357 1948 451 2003 pius
483 1949 525 1989 in
558 1962 682 1989 unum
716 1948 921 1990 coaluisse
954 1948 1122 1990 videtur
1159 1954 1287 2002 atque
1326 1948 1475 1990 codem
1515 1963 1686 1991 munere
1725 1949 1914 2004 fungitur

358 2033 438 2072 quo
471 2018 585 2074 apud
618 2023 780 2060 ceteros
812 2019 991 2074 simplex
1024 2019 1135 2060 ὥστε
1169 2020 1339 2071 (Semne
1361 2034 1402 2075 p.
1424 2021 1513 2074 36),
1547 2025 1687 2062 tamen
1720 2020 1801 2063 hoc
1831 2024 1913 2063 sta·
1945 2054 1953 2058 «γ

357 2090 557 2131 tuendum
590 2094 652 2132 est
684 2090 889 2132 infinitivo
922 2091 975 2132 ab
1010 2091 1121 2132 ὥστε
1154 2091 1363 2145 particula
1386 2090 1595 2146 pendente
1618 2095 1660 2133 et
1682 2091 1913 2147 praemisso
1974 2124 1978 2130 .

357 2167 397 2202 et
430 2175 511 2202 non
548 2162 779 2216 praemisso
819 2162 1063 2216 pronomine
1103 2162 1170 2204 vel
1210 2161 1414 2203 adverbio
1455 2162 1786 2205 demonstrativo
1824 2176 1912 2205 rem

356 2245 505 2273 revera
538 2236 805 2274 consecutam
839 2233 1032 2287 exprimi.

488 2302 692 2350 ‚Omnium
725 2307 878 2356 autem,
914 2317 1021 2356 quae
1054 2303 1167 2358 apud
1201 2303 1462 2346 Herodotum
1494 2309 1730 2359 occurrunt,
1775 2317 1912 2347 exem-

356 2373 518 2427 plorum
551 2373 781 2415 clarissime
814 2374 923 2416 hanc
955 2374 1066 2416 ὥστε
1098 2376 1332 2429 particulae
1364 2376 1448 2417 vim
1482 2375 1682 2418 exhibere
1720 2375 1822 2418 mihi
1853 2376 1912 2418 vi—

357 2443 481 2485 detur
511 2444 627 2498 illud,
663 2444 774 2498 quod
807 2445 891 2486 iam
924 2459 1051 2499 supra
1073 2446 1208 2498 attuli,
1244 2446 1347 2487 VIII
1365 2447 1441 2488 92:
1475 2447 1552 2488 τὸν
1575 2448 1625 2498 δὴ
1648 2446 1913 2498 περιάγουσα

356 2514 439 2565 ἅμα
479 2518 590 2556 τοῖσι
628 2516 823 2570 Πέρσῃσι
863 2517 952 2567 ἥλω
993 2519 1097 2567 νηῦς
1137 2517 1161 2567 ἡ
1196 2518 1395 2568 Σιδωνίη,
1444 2517 1555 2559 ὥστε
1587 2518 1760 2569 Πυθέην
1797 2517 1912 2559 οὕτω

356 2589 546 2637 σωθῆναι
578 2587 622 2636 ἐς
656 2587 839 2636 Αἴγιναν,
885 2601 983 2628 nam
1016 2587 1263 2629 adverbium
1295 2587 1408 2629 οὕτω
1448 2589 1490 2629 in
1530 2588 1739 2630 sententia
1771 2601 1913 2630 conse-

357 2657 498 2698 cutiva
530 2657 711 2711 positum
744 2657 869 2699 docet
910 2658 1021 2699 ὥστε
1060 2658 1313 2713 particulam
1354 2658 1409 2700 ad
1448 2672 1678 2714 pronomen
1717 2659 1759 2700 in
1798 2662 1912 2701 ante·

356 2727 533 2768 cedente
564 2729 774 2770 sententia
806 2728 1086 2783 supplendum
1118 2743 1201 2770 non
1233 2729 1498 2771 referendum
1531 2743 1636 2784 esse,
1684 2729 1759 2772 sed
1798 2743 1912 2786 pror-

355 2811 425 2839 sus
457 2798 619 2851 seiungi
652 2812 776 2853 posse
808 2799 1060 2841 sententiam
1085 2800 1398 2842 consecutivam
1421 2814 1446 2841 a
1468 2801 1676 2842 sententia
1697 2799 1910 2856 primaria.

497 2869 645 2922 Neque
692 2873 845 2923 tamen,
894 2874 939 2911 ut
985 2871 1069 2911 iam
1117 2884 1241 2925 supra
1291 2870 1395 2924 dixi,
1443 2870 1512 2912 hic
1558 2884 1658 2913 usus
1703 2871 1910 2925 infinitivi,

355 2939 512 2994 quippe
545 2940 614 2992 qui
648 2944 689 2981 et
720 2940 939 2982 modorum
973 2945 1015 2982 et
1046 2939 1281 2996 temporum
1315 2945 1429 2983 certo
1462 2941 1703 2983 discrimine
1734 2946 1910 2996 careret,

357 3010 591 3052 sufficiebat
639 3010 692 3052 ad
742 3012 1083 3053 consecutionum
1132 3013 1249 3053 varia
1294 3025 1451 3066 genera
1498 3012 1787 3069 exprimenda,
1835 3012 1910 3056 sed
