2034 3458
1026 326 1258 364 „effi-

368 452 523 494 Connn.
556 447 575 491 Ι
608 451 648 504 3,
675 448 739 491 14.
775 449 812 499 3,
835 447 874 491 5.
938 449 1271 500 πεπαιδευμένος
1305 447 1443 500 οὕτως
1475 447 1587 491 ὥστε
1619 446 1730 501 ἔχειν
1762 444 1923 496 domm.

368 524 385 563 l
419 524 456 571 2,
484 524 519 563 1.
583 521 881 572 εὐθεράπευτοι
915 520 1010 574 Cyr.
1047 520 1087 560 II
1119 521 1159 573 2,
1188 521 1254 561 10.

508 591 773 634 Accedamus
805 590 859 632 ad
894 590 1005 632 ὥστε
1038 591 1368 632 consecutivum.
1899 630 1904 633 ,

509 663 599 713 Quo
640 663 682 703 in
721 675 797 703 usu
837 662 1041 716 exemplis
1088 661 1336 702 illustrando
1384 662 1512 703 alium
1559 661 1749 704 ordinem
1794 665 1923 717 atque

367 734 479 789 apud
514 733 773 775 Herodotum
806 737 847 773 ct
877 731 1173 787 Thucydidem
1206 733 1397 774 servabo.
1443 733 1552 775 Nam
1575 737 1617 775 et
1638 732 1922 777 elocutionum

368 806 550 847 varietas
596 805 725 846 multo
773 809 836 846 est
882 804 1016 845 maior
1051 809 1109 857 et,
1152 804 1348 856 quoniam
1389 817 1441 846 ex
1481 817 1559 846 usu
1599 804 1842 847 Herodoteo
1878 807 1924 848 et

368 875 647 931 Thucydideo
673 875 956 927 intelleximus
982 888 1195 928 nunquam
1212 880 1308 929 post
1331 875 1575 930 sententias,
1594 888 1703 929 quae
1726 878 1922 919 non-sunt

367 948 429 989 sui
463 947 576 1000 iuris,
618 946 765 988 modos
804 946 944 987 finitos
982 945 1176 1000 usurpari
1216 959 1351 999 neque
1384 946 1506 988 aliter
1538 947 1686 1001 paucis
1717 945 1925 1003 exemplis

368 1019 557 1072 exeeptis
604 1017 675 1069 (dc
722 1018 872 1070 quibus
919 1016 1018 1059 vide
1065 1031 1103 1071 p.
1135 1017 1209 1068 49)
1256 1030 1322 1058 res
1367 1030 1411 1059 sc
1459 1017 1587 1059 habet
1627 1017 1742 1073 apud
1781 1017 1921 1061 Xeno-

368 1089 578 1144 phontem,
610 1088 748 1143 priore
780 1088 873 1129 loco
906 1087 959 1129 de
992 1088 1052 1129 cis
1084 1087 1367 1129 elocutionum
1398 1088 1624 1142 generibus
1655 1101 1793 1143 agam,
1814 1091 1924 1143 qu'a‘e

367 1160 617 1215 particulam
650 1161 762 1200 ὥστε
794 1159 847 1201 ab
880 1159 1112 1212 sententiis,
1162 1172 1269 1212 quae
1308 1173 1392 1200 non
1431 1164 1526 1201 sunt
1557 1159 1621 1202 sui
1667 1159 1780 1210 iuris,
1825 1171 1926 1215 pen-

369 1230 536 1272 dentem
569 1230 786 1285 praebent.

509 1302 550 1353 a)
584 1301 647 1342 Ac
679 1301 857 1356 primum
905 1299 1075 1354 quidem
1115 1300 1326 1342 invenitur
1365 1300 1597 1343 infinitivus
1635 1305 1731 1356 post
1761 1304 1925 1345 semen-

368 1374 450 1415 tias
483 1372 814 1415 condicionales:

514 1445 550 1485 1.
604 1444 638 1485 εἰ
671 1457 703 1485 c.
737 1448 820 1498 opt.
853 1443 889 1484 εἴ
920 1457 982 1494 τις
1015 1444 1116 1494 τοὺς
1149 1444 1200 1485 σε
1231 1443 1546 1494 Θεραπεύοντας
1578 1443 1692 1485 οὕτω
1725 1443 1924 1496 διατιθείη
1964 1486 1968 1490 .

369 1513 471 1556 ὥστ’
506 1515 667 1556 ἐκείνου
701 1517 862 1566 μᾶλλον
894 1515 918 1565 ἢ
953 1517 1034 1556 σοῦ
1069 1514 1296 1566 βούλεσθαι
1329 1514 1446 1564 εἶναι,
1479 1513 1544 1566 ἆρ’
1579 1515 1632 1557 ἂν
1653 1514 1746 1557 ἀντὶ
1767 1514 1924 1567 ταύτης

368 1590 443 1637 τῆς
484 1586 728 1637 εὐεργεσίας
769 1586 891 1636 χάριν
931 1586 1046 1640 αὐτῷ
1086 1586 1256 1636 εἰδείης;
1313 1586 1408 1641 Oyr.
1448 1586 1484 1627 V
1515 1586 1644 1635 529.
1687 1586 1727 1636 5,
1750 1586 1803 1628 31
1854 1585 1926 1640 (de

370 1661 455 1711 opt.
480 1658 521 1697 in
544 1657 578 1698 V
603 1658 640 1706 Γ),
664 1657 730 1697 30.
754 1671 792 1698 v.
816 1671 854 1711 p.
871 1657 957 1709 49).
990 1657 1124 1698 Anab.
1148 1657 1212 1697 ΙΙΙ
1235 1658 1275 1710 2-3,
1302 1657 1366 1698 16.
1405 1657 1506 1699 Oce.
1533 1657 1600 1711 14,
1619 1657 1657 1699 2.
1689 1657 1816 1712 Hipp.
1832 1656 1872 1707 8,
1886 1657 1926 1699 2.

511 1729 548 1768 2.
582 1728 615 1768 εἰ
649 1742 681 1769 c.
714 1727 786 1768 fut.
818 1727 901 1768 ind.
934 1728 969 1768 εἰ
1001 1729 1053 1778 μὴ
1077 1728 1324 1778 ἐκποριοῦσι
1345 1731 1394 1783 τῇ
1417 1731 1596 1782 στρατιᾷ
1617 1728 1926 1780 μισθόνμῶστε

370 1799 479 1850 ἔχειν
519 1799 570 1839 τὰ
609 1799 824 1849 ἐπιτήδεια
856 1799 1130 1849 ἐκπλέοντας,
1170 1798 1432 1840 κινδυνεύσει
1465 1802 1601 1850 μεῖναι
1631 1798 1820 1851 τοσαύτη
1853 1798 1927 1842 bis-⁷

370 1884 491 1921 ναμις
525 1870 570 1911 ἐν
601 1874 661 1925 τῷ
692 1870 860 1925 Πόντῳ.
908 1870 1041 1911 Anab.
1074 1870 1111 1911 V
1133 1870 1171 1919 6,
1197 1870 1261 1911 19.
1309 1869 1403 1924 Cyr.
1436 1870 1496 1911 IV
1518 1871 1559 1924 2,
1582 1870 1650 1912 39.
1689 1859 1835 1925 V115‚
1855 1869 1925 1912 42.

511 1941 550 1981 3.
584 1941 619 1982 εἰ
652 1954 686 1982 c.
720 1940 883 1995 imperf.
933 1943 1065 1982 ταῦτα
1098 1942 1144 1982 δὲ
1175 1941 1253 1982 οὐκ
1285 1941 1337 1982 ἂν
1370 1941 1577 1983 ἐδύναντο
1608 1944 1759 1992 ποιεῖν,
1791 1941 1827 1984 εἰ
1869 1942 1922 1994 μὴ

368 2013 434 2053 καὶ
467 2012 600 2066 διαίτῃ
635 2013 779 2066 μετρίᾳ
812 2012 1000 2063 ἐχρῶντο
1033 2013 1099 2053 καὶ
1131 2013 1180 2053 τὸ
1213 2012 1345 2063 ὑγρὸν
1376 2013 1660 2063 ἐκπονοῦντες
1691 2012 1954 2064 ἀνήλισκον.»

369 2084 479 2124 ὥστε
512 2082 617 2137 ἄλλῃ
650 2097 707 2137 πῃ
740 2082 983 2134 ἀποχωρεῖν
1016 2083 1113 2137 Cyr.
1147 2084 1167 2124 Ι
1199 2084 1237 2132 2,
1263 2083 1330 2124 16.
1823 2125 1827 2128 .

509 2154 547 2195 4.
579 2154 654 2195 ἐάν
695 2168 730 2195 c.
773 2155 880 2196 coni.
945 2155 988 2206 α)
1027 2168 1089 2208 pr.
1137 2154 1227 2196 ἔστι
1268 2155 1536 2206 συναρμόσαι
1575 2155 1683 2196 αὐτὰ
1722 2154 1928 2209 εὐπετῶς,

367 2226 419 2275 ἣν
452 2224 524 2279 ἔχῃ
557 2226 830 2276 γνωρίσματα
863 2223 965 2270 ὥστ’
990 2225 1174 2276 εὔδηλον
1196 2225 1302 2267 εἶναι
1326 2226 1367 2268 ἐξ
1400 2225 1552 2277 ὁποίας
1576 2226 1758 2268 ἕκαστον
1779 2226 1923 2278 χώρας

369 2296 509 2352 αὐτῶν
542 2297 672 2338 ἐστιν.
722 2296 820 2350 Cyr.
854 2296 896 2337 II
932 2298 969 2350 1,
1000 2297 1070 2338 27.
1127 2297 1235 2338 Hell.
1270 2297 1329 2338 VI
1364 2298 1399 2346 1,
1432 2297 1499 2338 13.
1547 2297 1684 2340 Anab.
1718 2297 1756 2340 V
1790 2298 1829 2352 1,
1853 2298 1922 2340 13.

369 2367 528 2408 Comln.
563 2367 627 2408 ΙΙΙ
659 2367 700 2421 3,
723 2368 751 2408 4
784 2369 895 2420 (ter).
937 2368 976 2421 9,
1002 2369 1023 2409 7
1061 2367 1159 2420 (bis)
1193 2367 1294 2410 Oec.
1331 2369 1368 2422 1,
1396 2368 1462 2409 14.
1542 2370 1581 2421 β)
1614 2382 1701 2411 aor.
1735 2368 1832 2424 Cyr.
1862 2368 1924 2412 IV

369 2438 406 2487 3,
432 2438 498 2479 16.
548 2438 708 2492 Cyneg.
743 2439 783 2492 9,
807 2438 847 2479 9.

510 2509 548 2550 5.
582 2508 685 2550 ὅταν
719 2523 754 2550 c.
789 2510 896 2551 coni.
965 2511 1007 2562 α)
1046 2523 1109 2564 pr.
1143 2509 1247 2551 ὅταν
1279 2511 1570 2560 σκαπτόντων,
1608 2510 1679 2553 ἵνα
1716 2509 1821 2562 ὕλης
1853 2524 1923 2552 κα-

369 2581 493 2630 Θαραὶ
532 2581 572 2621 αἱ
613 2579 791 2631 ἄμπελοι
830 2581 1048 2631 γένωνται,
1088 2580 1201 2622 οὕτω
1241 2581 1490 2623 σκάπτωσιν
1529 2583 1640 2624 ὥστε
1678 2582 1810 2624 πλείω
1856 2582 1923 2624 καὶ

368 2651 525 2691 καλλίω
565 2652 642 2701 τὴν
680 2650 786 2702 ὕλην
825 2652 1054 2701 γίγνεσθαι,
1092 2655 1185 2702 πῶς
1225 2651 1364 2703 οὕτως
1397 2653 1475 2694 οὐκ
1505 2652 1639 2704 ἀργὸν
1677 2653 1730 2695 ἂν
1761 2653 1923 2706 φήσαις

370 2720 493 2770 εἷναι;
556 2722 657 2764 Oce.
691 2723 760 2776 20,
784 2724 854 2764 20.
917 2723 967 2764 R.
1002 2736 1095 2776 equ.
1132 2725 1199 2777 10,
1233 2725 1299 2765 10.
1363 2723 1525 2779 Oyneg.
1560 2724 1599 2778 8,
1627 2725 1664 2765 1.
1747 2725 1787 2776 β)
1834 2737 1922 2766 aor.

370 2792 472 2834 Oec.
510 2793 576 2846 14,
603 2794 640 2833 1.

510 2864 549 2904 6.
584 2863 755 2905 ἐπειδάν
796 2878 830 2906 c.
871 2865 979 2906 coni.
1021 2878 1106 2906 aor.
1189 2865 1360 2907 ἐπειδὰν
1401 2866 1447 2906 δὲ
1478 2865 1670 2920 προλάβῃ
1719 2865 1743 2907 ὁ
1776 2867 1918 2917 λαγῶς

367 2937 427 2988 τῷ
467 2934 609 2988 δρόμῳ
657 2935 769 2975 ὥστε
816 2936 869 2986 μὴ
918 2934 1092 2987 ἐφορᾶν
1129 2935 1199 2976 ἕτ1
1236 2936 1378 2985 αὐτόν,
1425 2936 1501 2986 τὰς
1550 2936 1765 2987 σκύλακας
1811 2937 1920 2979 ἱέναι

370 3008 444 3057 (sc.
479 3008 558 3057 δεῖ)
592 3006 752 3059 Oyneg.
790 3007 826 3059 ἵ,
853 3007 891 3047 7.
942 3007 1039 3060 Cyr.
1078 3007 1136 3047 ΙΙΙ
1172 3009 1211 3060 2,
1236 3010 1275 3048 8.
