2034 3458
839 319 1071 364 „15-

165 453 342 491 neeesse
374 442 602 490 videbatur
634 458 686 490 ea
718 448 961 492 accuratius
994 448 1199 505 distingui
1232 447 1370 494 modis
1401 455 1444 494 et
1481 447 1741 508 temporibus

166 517 312 561 finitis.

311 590 376 634 Ae
407 591 588 648 primum
623 591 795 646 quidem
828 593 1039 635 invenitur
1071 592 1184 636 ὥστε
1217 595 1429 651 particula
1467 609 1562 638 oum
1601 595 1740 638 modis

169 662 397 706 coniuncta

310 735 354 788 a)
394 736 644 790 pronomine
676 736 745 778 vel
783 735 989 779 adverbio
1028 736 1361 781 demonstrativo
1401 739 1634 794 praemisso
1675 738 1742 781 his

166 803 302 849 loeis:

314 890 352 932 1.
386 903 525 945 praes.
557 889 645 932 ind.
710 893 752 943 α)
791 896 887 947 post
919 906 1056 947 praes.
1091 892 1178 934 ind.
1211 894 1288 935 τὸν
1321 895 1367 935 δὲ
1399 897 1474 946 τῆς
1507 895 1739 947 Δήμητρος

166 962 332 1013 καρπὸν
364 960 448 1004 ὧδε
480 961 617 1014 ἀγαθὴ
651 963 848 1015 ἐκφέρειν
881 964 972 1005 ἐστὶ
1006 963 1119 1006 ὥστε
1151 965 1219 1006 ἐπὶ
1246 966 1442 1016 διηκόσια
1472 967 1548 1017 μὲν
1580 967 1629 1008 τὸ
1662 981 1740 1008 πα-

167 1032 311 1085 ράπαν
335 1032 538 1076 ἀποδιδοῖ
570 1035 589 1076 Ι
616 1035 714 1076 193.
748 1035 790 1076 II
814 1036 884 1078 87.
919 1036 956 1077 V
983 1036 1049 1077 16.
1084 1037 1190 1078 VIII
1213 1037 1284 1078 29.
1350 1039 1389 1090 β)
1424 1042 1519 1093 post
1541 1051 1628 1079 aor.
1652 1037 1739 1080 ind.

122 1148 127 1155 ,
165 1105 244 1147 τὸν
266 1105 500 1158 Εὐφρήτην
531 1107 727 1158 ποταμὸν
759 1106 874 1149 οὕτω
899 1108 949 1159 δή
975 1122 1013 1149 τι
1037 1108 1214 1159 ἐποίησε
1240 1110 1417 1150 σκολιὸν
1439 1109 1552 1151 ὥστε
1576 1111 1626 1161 δὴ
1650 1111 1739 1162 τρὶς

166 1176 212 1228 ἐς
244 1179 332 1219 τῶν
363 1191 459 1219 τινα
490 1178 670 1229 κωμέων
701 1177 942 1220 ἀπικνέεται
977 1179 1088 1231 ῥέων
1122 1180 1141 1220 Ι
1168 1180 1264 1221 185.
1328 1182 1370 1233 γ)
1403 1186 1500 1236 post
1522 1181 1628 1236 perf.
1652 1181 1740 1223 ind.

166 1248 455 1301 μεμηχάνηται
495 1248 610 1291 οὕτω
649 1252 778 1291 τοῦτο
817 1251 866 1292 τὸ
906 1253 1047 1302 τεῖχος
1088 1250 1200 1293 ὥστε
1239 1251 1263 1292 ὁ
1303 1252 1449 1303 ἕτερος
1482 1255 1558 1294 τοῦ
1592 1253 1738 1304 ἑτέρου

166 1319 322 1372 κύκλος
354 1323 468 1363 τοῖσι
500 1324 779 1373 προμαχεῶσι
812 1322 1009 1373 μούνοισί
1042 1323 1133 1364 ἐστι
1167 1323 1437 1375 ὑψηλότερος
1471 1324 1491 1365 Ι
1514 1324 1584 1366 98.

310 1403 352 1446 2.
385 1403 551 1460 imperf.
615 1406 659 1457 α)
701 1409 798 1460 post
829 1404 995 1460 imperf.
1029 1405 1218 1447 τάλαντα
1249 1407 1430 1458 προσήιε
1472 1441 1479 1448 .
1512 1441 1520 1448 .
1554 1441 1561 1448 .
1602 1407 1741 1460 συχνὰ

167 1473 284 1518 οὕτω
316 1475 431 1518 ὥστε
462 1477 512 1518 τὸ
545 1477 703 1518 ἐπίπαν
737 1477 937 1519 Θασίοισι
970 1478 1152 1529 προσήιε
1185 1478 1303 1529 ἔτεος
1338 1478 1521 1520 ἑκάστου
1545 1480 1741 1530 διηκόσια

165 1546 357 1590 τάλαντα
388 1547 449 1590 VI
471 1548 543 1590 46.
617 1550 656 1601 β)
690 1553 786 1604 post
819 1563 907 1590 aor.
941 1548 1028 1591 ind.
1062 1550 1101 1590 οἱ
1135 1549 1181 1591 ἐν
1214 1551 1422 1601 Σαλαμῖνι
1454 1549 1662 1602 Ἕλληνες
1695 1551 1739 1602 ἐς

164 1621 381 1662 τοσοῦτον
421 1620 609 1672 θόρυβον
654 1620 861 1662 ἀπίκοντο
907 1620 1020 1662 ὥστε
1065 1621 1169 1663 ἔνιοι
1213 1624 1300 1663 τῶν
1347 1625 1600 1674 στρατηγῶν
1639 1623 1740 1665 οὐδὲ

160 1694 408 1744 ’κυρωθῆναι
440 1691 593 1744 ἔμενον
625 1693 675 1734 τὸ
707 1693 989 1744 προκείμενον
1022 1696 1194 1745 πρῆγμα
1226 1693 1331 1735 VIII
1354 1694 1425 1735 56.
1489 1694 1555 1736 De
1572 1694 1738 1750 imperf.

166 1766 265 1819 post
296 1764 552 1806 sententiam
584 1746 830 1819 negati‘vam
865 1765 924 1815 (II
961 1765 1061 1816 120)
1096 1779 1135 1806 v.
1168 1779 1210 1820 p.
1243 1766 1315 1806 50.

310 1847 352 1890 3.
385 1861 474 1890 aor.
507 1846 595 1889 ind.
659 1849 702 1900 α)
743 1852 839 1903 post
871 1847 1036 1903 imperf.
1077 1849 1102 1899 ἡ
1144 1850 1191 1890 δὲ
1229 1849 1405 1900 δευτέρη
1446 1859 1526 1901 σφι
1565 1848 1738 1901 ἀγγελίη

164 1918 467 1962 ἐπεσελθοῦσα
506 1920 684 1972 συνέχεε
729 1919 844 1962 οὕτω
889 1919 1003 1962 ὥστε
1049 1921 1151 1971 τοὺς
1197 1923 1382 1972 κιθῶνας
1428 1922 1740 1973 κατερρήξαντο

166 1990 338 2043 πάντες,
372 1994 449 2048 βοῇ
482 2005 527 2034 τε
561 1993 628 2033 καὶ
661 1992 822 2047 οἰμωγῇ
856 1992 1069 2043 ἐχρέωντο
1102 1991 1272 2047 ἀπλέτῳ
1307 1993 1411 2034 VIII
1435 1993 1505 2034 99.
1571 1996 1610 2045 β)
1644 1999 1741 2048 post

165 2076 255 2106 aor.
289 2062 377 2106 ind.
410 2063 568 2116 Ἄργος
601 2063 774 2115 ἀνδρῶν
807 2064 1002 2116 ἐχηρώθη
1037 2063 1151 2105 οὕτω
1186 2064 1298 2106 ὥστε
1331 2065 1371 2106 οἱ
1411 2067 1558 2107 δοῦλοι
1598 2066 1741 2107 αὐτῶν

166 2134 300 2188 ἔσχον
338 2135 482 2178 πάντα
521 2136 574 2178 τὰ
614 2137 841 2187 πρήγματα
876 2136 933 2178 VI
957 2136 1027 2178 83.
1063 2136 1220 2178 11150.
1262 2136 1321 2178 IV
1348 2137 1445 2178 159.
1517 2136 1616 2178 Aor.
1651 2136 1737 2179 ind.

165 2211 263 2264 post
294 2211 402 2251 sent.
434 2208 578 2250 interr.
613 2208 651 2260 (I
683 2208 757 2260 32)
795 2222 832 2249 v.
865 2222 907 2263 p.
941 2208 1013 2249 50.

308 2292 352 2334 4.
384 2291 847 2348 plusquamperfectum
866 2296 961 2346 post
984 2290 1150 2346 imperf.
1184 2294 1325 2333 κυνῶν
1348 2290 1532 2333 Ἰνδικῶν
1554 2294 1740 2333 τοσοῦτο

167 2365 219 2417 δή
251 2378 291 2406 τι
323 2366 488 2416 πλῆθος
528 2364 733 2416 ἐτρέφετο
767 2363 880 2405 ὥστε
913 2364 1118 2415 τέσσερες
1151 2366 1238 2405 τῶν
1272 2364 1317 2405 ἐν
1349 2367 1409 2420 τῷ
1442 2365 1574 2420 πεδίῳ
1607 2366 1741 2415 κῶμαι

166 2436 344 2488 μεγάλαι
376 2438 491 2478 τοῖσι
523 2437 620 2478 κυσὶ
653 2435 1001 2488 προσετετάχατο
1033 2436 1147 2477 σιτία
1179 2436 1381 2487 παρέχειν
1413 2435 1433 2476 Ι
1471 2436 1566 2477 192.

310 2520 352 2562 5.
385 2519 463 2562 fut.
497 2518 585 2561 ind.
618 2523 716 2575 post
747 2532 886 2575 praes.
920 2518 1007 2560 ind.
1042 2519 1084 2560 αἱ
1117 2520 1194 2570 μὲν
1216 2521 1303 2560 τῶν
1325 2519 1535 2570 Περσέων
1558 2519 1740 2571 κεφαλαί

167 2592 250 2635 εἰσι
281 2591 486 2643 ἀσθενέες
520 2590 635 2633 οὕτω
669 2591 793 2641 ὥστε,
826 2591 862 2632 εἰ
894 2592 1031 2641 θέλεις
1065 2592 1201 2646 ψήφῳ
1235 2590 1370 2645 μούνῃ
1407 2593 1564 2642 βαλεῖν,
1606 2594 1739 2632 διατε-

166 2665 372 2717 τρανέεις,
419 2664 460 2706 αἱ
493 2665 540 2706 δὲ
571 2666 660 2705 τῶν
692 2663 932 2714 Αἰγυπτίων
972 2662 1086 2704 οὕτω
1128 2663 1179 2713 δή
1219 2677 1257 2704 τι
1297 2662 1478 2714 ἰσχυραί,
1526 2662 1647 2713 μόγις
1687 2662 1740 2704 ἂν

167 2737 272 2792 λίθῳ
303 2736 465 2787 παίσας
499 2736 766 2788 διαρρήξειας
799 2735 865 2776 ΙΙΙ
902 2736 969 2776 12.
1034 2734 1099 2776 De
1134 2734 1197 2775 ΙΙΙ
1223 2734 1280 2775 36
1314 2748 1353 2775 v.
1387 2748 1429 2789 p.
1463 2734 1534 2787 47,
1568 2733 1622 2775 de
1657 2734 1739 2775 VII

170 2807 269 2858 16γ
300 2821 341 2850 v.
373 2821 416 2863 p.
450 2807 522 2850 50.

311 2891 352 2933 6.
386 2904 474 2933 aor.
508 2894 596 2946 opt.
630 2904 667 2932 ο.
701 2890 754 2932 ἄν
786 2894 883 2945 post
915 2902 1053 2945 praes.
1087 2888 1173 2931 ind.
1207 2890 1256 2931 τὸ
1280 2890 1326 2930 δὲ
1348 2891 1544 2940 θυμιᾶται
1567 2889 1737 2940 ἐπιβαλ-

168 2963 353 3015 λόμενον
385 2963 453 3004 καὶ
485 2962 639 3014 ἀτμίδα
671 2963 901 3013 παρέχεται
934 2961 1152 3012 τοσαύτην
1175 2961 1286 3002 ὥστε
1311 2960 1533 3011 Ἑλληνικὴ
1566 2960 1742 3012 οὐδεμία

168 3034 222 3078 ἄν
255 3049 324 3087 μιν
356 3035 484 3087 πυρίη
519 3034 831 3087 ἀποκρατήσειε
866 3034 925 3075 IV
961 3034 1029 3075 Τι’).
