<?xml version="1.0" encoding="UTF-8"?>
<!DOCTYPE html PUBLIC "-//W3C//DTD XHTML 1.0 Transitional//EN"
    "http://www.w3.org/TR/xhtml1/DTD/xhtml1-transitional.dtd">
<html xmlns="http://www.w3.org/1999/xhtml" xml:lang="en" lang="en">
 <head>
  <title>
</title>
<meta http-equiv="Content-Type" content="text/html;charset=utf-8" />
  <meta name='ocr-system' content='tesseract 3.04.00' />
  <meta name='ocr-capabilities' content='ocr_page ocr_carea ocr_par ocr_line ocrx_word'/>
</head>
<body>
  <div class='ocr_page' id='page_1' title='image "./dehosteparticula00wehmuoft_0019.png"; bbox 0 0 2034 3458; ppageno 0'>
   <div class='ocr_carea' id='block_1_1' title="bbox 835 306 1068 350">
    <p class='ocr_par' dir='ltr' id='par_1_1' title="bbox 835 306 1068 350">
     <span class='ocr_line' id='line_1_1' title="bbox 835 306 1068 350; baseline 0.004 -10"><span class='ocrx_word' id='word_1_1' title='bbox 835 306 1068 350; x_wconf 45' lang='grc' dir='ltr'><strong>...ῃ-ἢ</strong></span> 
     </span>
    </p>
   </div>
   <div class='ocr_carea' id='block_1_2' title="bbox 151 416 1734 564">
    <p class='ocr_par' dir='ltr' id='par_1_2' title="bbox 151 416 1734 564">
     <span class='ocr_line' id='line_1_2' title="bbox 151 416 1734 490; baseline 0.005 -15"><span class='ocrx_word' id='word_1_2' title='bbox 151 426 458 487; x_wconf 80' lang='grc' dir='ltr'>-βουλομένους</span> <span class='ocrx_word' id='word_1_3' title='bbox 488 416 533 477; x_wconf 84' lang='grc' dir='ltr'>τε</span> <span class='ocrx_word' id='word_1_4' title='bbox 563 430 831 487; x_wconf 82' lang='grc' dir='ltr'>ἐξευρεθῆναι</span> <span class='ocrx_word' id='word_1_5' title='bbox 870 434 1124 489; x_wconf 86' lang='grc' dir='ltr'>καταλαβεῖν</span> <span class='ocrx_word' id='word_1_6' title='bbox 1157 434 1210 490; x_wconf 84' lang='grc' dir='ltr'>μὴ</span> <span class='ocrx_word' id='word_1_7' title='bbox 1243 432 1338 481; x_wconf 84' lang='grc' dir='ltr'>οἷόν</span> <span class='ocrx_word' id='word_1_8' title='bbox 1369 448 1414 482; x_wconf 88' lang='grc' dir='ltr'>τε</span> <span class='ocrx_word' id='word_1_9' title='bbox 1447 430 1553 482; x_wconf 73' lang='grc' dir='ltr'>εἶναι</span> <span class='ocrx_word' id='word_1_10' title='bbox 1586 433 1646 482; x_wconf 86' lang='lat' dir='ltr'>IV</span> <span class='ocrx_word' id='word_1_11' title='bbox 1663 436 1734 482; x_wconf 81' lang='lat'>46.</span> 
     </span>
     <span class='ocr_line' id='line_1_3' title="bbox 164 505 1734 564; baseline 0.003 -14"><span class='ocrx_word' id='word_1_12' title='bbox 164 505 354 550; x_wconf 86' lang='lat' dir='ltr'>Dubium</span> <span class='ocrx_word' id='word_1_13' title='bbox 385 519 478 549; x_wconf 81' lang='lat' dir='ltr'>esse</span> <span class='ocrx_word' id='word_1_14' title='bbox 510 521 593 549; x_wconf 90' lang='lat' dir='ltr'>non</span> <span class='ocrx_word' id='word_1_15' title='bbox 626 512 778 563; x_wconf 84' lang='lat' dir='ltr'>potest,</span> <span class='ocrx_word' id='word_1_16' title='bbox 828 509 928 562; x_wconf 89' lang='lat' dir='ltr'>quin</span> <span class='ocrx_word' id='word_1_17' title='bbox 961 510 1091 552; x_wconf 83' lang='lat' dir='ltr'>verba</span> <span class='ocrx_word' id='word_1_18' title='bbox 1130 509 1243 552; x_wconf 90' lang='grc' dir='ltr'>ὥστε</span> <span class='ocrx_word' id='word_1_19' title='bbox 1276 511 1570 563; x_wconf 83' lang='grc' dir='ltr'>ἐπιτροπεύειν</span> <span class='ocrx_word' id='word_1_20' title='bbox 1602 513 1734 564; x_wconf 81' lang='grc' dir='ltr'>αὐτῆς</span> 
     </span>
    </p>
   </div>
   <div class='ocr_carea' id='block_1_3' title="bbox 18 567 1733 708">
    <p class='ocr_par' dir='ltr' id='par_1_3' title="bbox 18 567 1733 708">
     <span class='ocr_line' id='line_1_4' title="bbox 27 567 1733 638; baseline 0.004 -19"><span class='ocrx_word' id='word_1_21' title='bbox 27 567 31 630; x_wconf 25' lang='lat'>‚¹</span> <span class='ocrx_word' id='word_1_22' title='bbox 75 575 123 603; x_wconf 40' lang='grc' dir='ltr'>τ’</span> <span class='ocrx_word' id='word_1_23' title='bbox 163 577 248 631; x_wconf 84' lang='grc' dir='ltr'>(ΠΙ</span> <span class='ocrx_word' id='word_1_24' title='bbox 283 578 355 631; x_wconf 82' lang='grc'>15)</span> <span class='ocrx_word' id='word_1_25' title='bbox 386 578 511 620; x_wconf 86' lang='lat' dir='ltr'>finem</span> <span class='ocrx_word' id='word_1_26' title='bbox 542 579 723 622; x_wconf 85' lang='lat' dir='ltr'>actionis</span> <span class='ocrx_word' id='word_1_27' title='bbox 755 580 996 636; x_wconf 78' lang='lat' dir='ltr'>exprimant</span> <span class='ocrx_word' id='word_1_28' title='bbox 1028 586 1155 635; x_wconf 79' lang='lat' dir='ltr'>atque</span> <span class='ocrx_word' id='word_1_29' title='bbox 1188 582 1301 624; x_wconf 88' lang='lat' dir='ltr'>idem</span> <span class='ocrx_word' id='word_1_30' title='bbox 1340 582 1580 637; x_wconf 80' lang='lat' dir='ltr'>significent</span> <span class='ocrx_word' id='word_1_31' title='bbox 1621 583 1733 638; x_wconf 79' lang='lat' dir='ltr'>quod</span> 
     </span>
     <span class='ocr_line' id='line_1_5' title="bbox 18 647 1733 708; baseline 0.003 -17"><span class='ocrx_word' id='word_1_32' title='bbox 18 649 24 660; x_wconf 72' lang='lat'><strong><em>‘</em></strong></span> <span class='ocrx_word' id='word_1_33' title='bbox 103 676 105 679; x_wconf 95' lang='lat'>-</span> <span class='ocrx_word' id='word_1_34' title='bbox 162 647 365 692; x_wconf 72' lang='lat' dir='ltr'>Latinum</span> <span class='ocrx_word' id='word_1_35' title='bbox 393 648 651 705; x_wconf 84' lang='lat' dir='ltr'>‘Aegyptum</span> <span class='ocrx_word' id='word_1_36' title='bbox 681 650 1063 694; x_wconf 82' lang='lat' dir='ltr'>administrandam</span> <span class='ocrx_word' id='word_1_37' title='bbox 1086 653 1360 708; x_wconf 84' lang='lat' dir='ltr'>accepisset&#39;3</span> <span class='ocrx_word' id='word_1_38' title='bbox 1395 653 1614 697; x_wconf 82' lang='lat' dir='ltr'>infinitivis</span> <span class='ocrx_word' id='word_1_39' title='bbox 1635 655 1733 696; x_wconf 88' lang='grc' dir='ltr'>πλέ-</span> 
     </span>
    </p>
   </div>
   <div class='ocr_carea' id='block_1_4' title="bbox 160 720 1734 995">
    <p class='ocr_par' dir='ltr' id='par_1_4' title="bbox 160 720 1734 922">
     <span class='ocr_line' id='line_1_6' title="bbox 162 720 1732 778; baseline 0.004 -16"><span class='ocrx_word' id='word_1_40' title='bbox 162 732 227 763; x_wconf 88' lang='grc' dir='ltr'>ειν</span> <span class='ocrx_word' id='word_1_41' title='bbox 254 720 316 774; x_wconf 91' lang='grc' dir='ltr'>(ΙΙ</span> <span class='ocrx_word' id='word_1_42' title='bbox 351 721 453 774; x_wconf 81' lang='grc'><strong>158)</strong></span> <span class='ocrx_word' id='word_1_43' title='bbox 486 726 529 763; x_wconf 85' lang='lat' dir='ltr'>et</span> <span class='ocrx_word' id='word_1_44' title='bbox 560 721 816 774; x_wconf 88' lang='grc' dir='ltr'>ἀποφυγεῖν,</span> <span class='ocrx_word' id='word_1_45' title='bbox 866 724 918 774; x_wconf 88' lang='grc' dir='ltr'>μὴ</span> <span class='ocrx_word' id='word_1_46' title='bbox 953 723 1047 765; x_wconf 85' lang='grc' dir='ltr'>οἷόν</span> <span class='ocrx_word' id='word_1_47' title='bbox 1079 738 1124 766; x_wconf 89' lang='grc' dir='ltr'>τε</span> <span class='ocrx_word' id='word_1_48' title='bbox 1157 724 1264 766; x_wconf 79' lang='grc' dir='ltr'>εἶναι</span> <span class='ocrx_word' id='word_1_49' title='bbox 1297 726 1374 777; x_wconf 87' lang='lat' dir='ltr'>(IV</span> <span class='ocrx_word' id='word_1_50' title='bbox 1406 726 1480 778; x_wconf 81' lang='lat'>46)</span> <span class='ocrx_word' id='word_1_51' title='bbox 1513 726 1732 768; x_wconf 84' lang='lat' dir='ltr'>consilium</span> 
     </span>
     <span class='ocr_line' id='line_1_7' title="bbox 162 792 1734 848; baseline 0.003 -14"><span class='ocrx_word' id='word_1_52' title='bbox 162 792 342 848; x_wconf 82' lang='lat' dir='ltr'>exprimi</span> <span class='ocrx_word' id='word_1_53' title='bbox 374 793 678 835; x_wconf 81' lang='lat' dir='ltr'>sententiarum</span> <span class='ocrx_word' id='word_1_54' title='bbox 717 807 852 836; x_wconf 86' lang='lat' dir='ltr'>nexus</span> <span class='ocrx_word' id='word_1_55' title='bbox 890 794 1029 837; x_wconf 86' lang='lat' dir='ltr'>docet.</span> <span class='ocrx_word' id='word_1_56' title='bbox 1093 795 1212 846; x_wconf 76' lang='lat' dir='ltr'>Quae</span> <span class='ocrx_word' id='word_1_57' title='bbox 1252 796 1399 838; x_wconf 82' lang='lat' dir='ltr'>consili</span> <span class='ocrx_word' id='word_1_58' title='bbox 1440 797 1556 839; x_wconf 89' lang='lat' dir='ltr'>notio</span> <span class='ocrx_word' id='word_1_59' title='bbox 1596 797 1734 839; x_wconf 84' lang='lat' dir='ltr'>modis</span> 
     </span>
     <span class='ocr_line' id='line_1_8' title="bbox 160 862 1502 922; baseline 0.004 -17"><span class='ocrx_word' id='word_1_60' title='bbox 160 862 292 906; x_wconf 82' lang='lat' dir='ltr'>finitis</span> <span class='ocrx_word' id='word_1_61' title='bbox 323 863 378 906; x_wconf 84' lang='lat' dir='ltr'>ab</span> <span class='ocrx_word' id='word_1_62' title='bbox 411 863 525 906; x_wconf 89' lang='grc' dir='ltr'>ὥστε</span> <span class='ocrx_word' id='word_1_63' title='bbox 557 865 771 920; x_wconf 84' lang='lat' dir='ltr'>particula</span> <span class='ocrx_word' id='word_1_64' title='bbox 802 865 1087 921; x_wconf 81' lang='lat' dir='ltr'>pendentibus</span> <span class='ocrx_word' id='word_1_65' title='bbox 1118 881 1346 922; x_wconf 85' lang='lat' dir='ltr'>numquam</span> <span class='ocrx_word' id='word_1_66' title='bbox 1380 867 1502 910; x_wconf 88' lang='lat' dir='ltr'>inest.</span> 
     </span>
    </p>

    <p class='ocr_par' dir='ltr' id='par_1_5' title="bbox 303 935 1730 995">
     <span class='ocr_line' id='line_1_9' title="bbox 303 935 1730 995; baseline 0.003 -17"><span class='ocrx_word' id='word_1_67' title='bbox 303 935 362 979; x_wconf 84' lang='lat' dir='ltr'>Ut</span> <span class='ocrx_word' id='word_1_68' title='bbox 393 935 478 978; x_wconf 86' lang='lat' dir='ltr'>iam</span> <span class='ocrx_word' id='word_1_69' title='bbox 510 940 723 979; x_wconf 78' lang='lat' dir='ltr'>transeam</span> <span class='ocrx_word' id='word_1_70' title='bbox 755 937 812 979; x_wconf 88' lang='lat' dir='ltr'>ad</span> <span class='ocrx_word' id='word_1_71' title='bbox 845 938 1163 981; x_wconf 83' lang='lat' dir='ltr'>consecutivum</span> <span class='ocrx_word' id='word_1_72' title='bbox 1196 938 1308 981; x_wconf 87' lang='grc' dir='ltr'>ὥστε</span> <span class='ocrx_word' id='word_1_73' title='bbox 1340 940 1574 995; x_wconf 78' lang='lat' dir='ltr'>particulae</span> <span class='ocrx_word' id='word_1_74' title='bbox 1597 954 1730 995; x_wconf 78' lang='lat' dir='ltr'>usum,</span> 
     </span>
    </p>
   </div>
   <div class='ocr_carea' id='block_1_5' title="bbox 8 1006 362 1063">
    <p class='ocr_par' dir='ltr' id='par_1_6' title="bbox 8 1006 362 1063">
     <span class='ocr_line' id='line_1_10' title="bbox 8 1006 362 1063; baseline 0.011 -17"><span class='ocrx_word' id='word_1_75' title='bbox 8 1022 17 1046; x_wconf 62' lang='grc' dir='ltr'>ε</span> <span class='ocrx_word' id='word_1_76' title='bbox 88 1008 90 1010; x_wconf 79' lang='grc'>’</span> <span class='ocrx_word' id='word_1_77' title='bbox 159 1006 362 1063; x_wconf 87' lang='lat' dir='ltr'>incipiam</span> 
     </span>
    </p>
   </div>
   <div class='ocr_carea' id='block_1_6' title="bbox 0 0 93 2189">
    <p class='ocr_par' dir='ltr' id='par_1_7' title="bbox 0 0 93 2189">
     <span class='ocr_line' id='line_1_11' title="bbox 0 0 93 2189; baseline 0 0"><span class='ocrx_word' id='word_1_78' title='bbox 0 0 93 2189; x_wconf 95' lang='lat' dir='ltr'> </span> 
     </span>
    </p>
   </div>
   <div class='ocr_carea' id='block_1_7' title="bbox 139 1079 1732 1352">
    <p class='ocr_par' dir='ltr' id='par_1_8' title="bbox 139 1079 1732 1352">
     <span class='ocr_line' id='line_1_12' title="bbox 302 1079 1730 1135; baseline 0.003 -14"><span class='ocrx_word' id='word_1_79' title='bbox 302 1080 346 1132; x_wconf 85' lang='lat' dir='ltr'>a)</span> <span class='ocrx_word' id='word_1_80' title='bbox 376 1079 432 1122; x_wconf 82' lang='lat' dir='ltr'>ab</span> <span class='ocrx_word' id='word_1_81' title='bbox 463 1079 673 1123; x_wconf 87' lang='lat' dir='ltr'>infinitivo</span> <span class='ocrx_word' id='word_1_82' title='bbox 707 1081 839 1123; x_wconf 85' lang='lat' dir='ltr'>verba</span> <span class='ocrx_word' id='word_1_83' title='bbox 871 1082 1106 1133; x_wconf 90' lang='grc' dir='ltr'>συνήνεικε,</span> <span class='ocrx_word' id='word_1_84' title='bbox 1139 1083 1384 1133; x_wconf 86' lang='grc' dir='ltr'>συνέπιπτε,</span> <span class='ocrx_word' id='word_1_85' title='bbox 1417 1084 1575 1135; x_wconf 85' lang='grc' dir='ltr'>συνέβη</span> <span class='ocrx_word' id='word_1_86' title='bbox 1601 1083 1730 1135; x_wconf 75' lang='grc' dir='ltr'>(ὥστε</span> 
     </span>
     <span class='ocr_line' id='line_1_13' title="bbox 139 1149 1732 1209; baseline 0.003 -16"><span class='ocrx_word' id='word_1_87' title='bbox 139 1149 371 1207; x_wconf 80' lang='lat' dir='ltr'>-particula</span> <span class='ocrx_word' id='word_1_88' title='bbox 407 1151 660 1207; x_wconf 84' lang='lat' dir='ltr'>praemissa)</span> <span class='ocrx_word' id='word_1_89' title='bbox 700 1158 915 1207; x_wconf 78' lang='lat' dir='ltr'>sequente,</span> <span class='ocrx_word' id='word_1_90' title='bbox 965 1167 1074 1207; x_wconf 88' lang='lat' dir='ltr'>quae</span> <span class='ocrx_word' id='word_1_91' title='bbox 1115 1158 1157 1196; x_wconf 89' lang='lat' dir='ltr'>et</span> <span class='ocrx_word' id='word_1_92' title='bbox 1196 1154 1289 1209; x_wconf 86' lang='lat' dir='ltr'>ipsa</span> <span class='ocrx_word' id='word_1_93' title='bbox 1328 1168 1542 1208; x_wconf 87' lang='lat' dir='ltr'>nunquam</span> <span class='ocrx_word' id='word_1_94' title='bbox 1583 1155 1732 1198; x_wconf 83' lang='lat' dir='ltr'>modos</span> 
     </span>
     <span class='ocr_line' id='line_1_14' title="bbox 156 1221 1730 1282; baseline 0.002 -17"><span class='ocrx_word' id='word_1_95' title='bbox 156 1221 402 1278; x_wconf 83' lang='lat' dir='ltr'>admittunt,</span> <span class='ocrx_word' id='word_1_96' title='bbox 436 1224 538 1277; x_wconf 89' lang='lat' dir='ltr'>quia</span> <span class='ocrx_word' id='word_1_97' title='bbox 569 1223 803 1267; x_wconf 85' lang='lat' dir='ltr'>infinitivus</span> <span class='ocrx_word' id='word_1_98' title='bbox 836 1224 890 1266; x_wconf 83' lang='lat' dir='ltr'>ab</span> <span class='ocrx_word' id='word_1_99' title='bbox 923 1225 1006 1266; x_wconf 89' lang='lat' dir='ltr'>illis</span> <span class='ocrx_word' id='word_1_100' title='bbox 1034 1225 1174 1268; x_wconf 86' lang='lat' dir='ltr'>verbis</span> <span class='ocrx_word' id='word_1_101' title='bbox 1205 1239 1289 1267; x_wconf 89' lang='lat' dir='ltr'>non</span> <span class='ocrx_word' id='word_1_102' title='bbox 1321 1226 1459 1268; x_wconf 88' lang='lat' dir='ltr'>minus</span> <span class='ocrx_word' id='word_1_103' title='bbox 1491 1225 1661 1282; x_wconf 78' lang='lat' dir='ltr'>pendet,</span> <span class='ocrx_word' id='word_1_104' title='bbox 1695 1226 1730 1269; x_wconf 80' lang='lat' dir='ltr'>si</span> 
     </span>
     <span class='ocr_line' id='line_1_15' title="bbox 157 1292 1729 1352; baseline 0.003 -16"><span class='ocrx_word' id='word_1_105' title='bbox 157 1292 272 1336; x_wconf 88' lang='grc' dir='ltr'>ὥστε</span> <span class='ocrx_word' id='word_1_106' title='bbox 303 1294 488 1350; x_wconf 83' lang='lat' dir='ltr'>ponitur,</span> <span class='ocrx_word' id='word_1_107' title='bbox 537 1308 664 1349; x_wconf 88' lang='lat' dir='ltr'>quam</span> <span class='ocrx_word' id='word_1_108' title='bbox 696 1296 731 1338; x_wconf 91' lang='lat' dir='ltr'>si</span> <span class='ocrx_word' id='word_1_109' title='bbox 765 1295 898 1338; x_wconf 84' lang='lat' dir='ltr'>deest.</span> <span class='ocrx_word' id='word_1_110' title='bbox 962 1296 1173 1352; x_wconf 86' lang='lat' dir='ltr'>Exempla</span> <span class='ocrx_word' id='word_1_111' title='bbox 1205 1302 1301 1338; x_wconf 90' lang='lat' dir='ltr'>sunt</span> <span class='ocrx_word' id='word_1_112' title='bbox 1334 1296 1459 1340; x_wconf 89' lang='lat' dir='ltr'>haec:</span> <span class='ocrx_word' id='word_1_113' title='bbox 1507 1299 1729 1349; x_wconf 88' lang='grc' dir='ltr'>συνήνεικε</span> 
     </span>
    </p>
   </div>
   <div class='ocr_carea' id='block_1_8' title="bbox 145 1365 1728 3073">
    <p class='ocr_par' dir='ltr' id='par_1_9' title="bbox 156 1365 1728 1481">
     <span class='ocr_line' id='line_1_16' title="bbox 156 1365 1728 1422; baseline 0.002 -14"><span class='ocrx_word' id='word_1_114' title='bbox 156 1365 178 1407; x_wconf 93' lang='grc' dir='ltr'>Ι</span> <span class='ocrx_word' id='word_1_115' title='bbox 201 1365 271 1409; x_wconf 76' lang='lat'>74.</span> <span class='ocrx_word' id='word_1_116' title='bbox 304 1366 371 1408; x_wconf 89' lang='lat' dir='ltr'>III</span> <span class='ocrx_word' id='word_1_117' title='bbox 396 1366 464 1408; x_wconf 88' lang='grc'>14.</span> <span class='ocrx_word' id='word_1_118' title='bbox 490 1367 559 1409; x_wconf 82' lang='lat'>71.</span> <span class='ocrx_word' id='word_1_119' title='bbox 593 1367 699 1409; x_wconf 93' lang='lat' dir='ltr'>VIII</span> <span class='ocrx_word' id='word_1_120' title='bbox 722 1367 792 1409; x_wconf 85' lang='lat'>90.</span> <span class='ocrx_word' id='word_1_121' title='bbox 834 1368 1069 1410; x_wconf 86' lang='grc' dir='ltr'>συνέπιπτε</span> <span class='ocrx_word' id='word_1_122' title='bbox 1092 1369 1197 1410; x_wconf 93' lang='lat' dir='ltr'>VIII</span> <span class='ocrx_word' id='word_1_123' title='bbox 1224 1369 1290 1410; x_wconf 74' lang='lat'>15.</span> <span class='ocrx_word' id='word_1_124' title='bbox 1314 1370 1410 1410; x_wconf 84' lang='lat'>132.</span> <span class='ocrx_word' id='word_1_125' title='bbox 1433 1370 1529 1411; x_wconf 90' lang='lat'>141.</span> <span class='ocrx_word' id='word_1_126' title='bbox 1570 1371 1728 1422; x_wconf 83' lang='grc' dir='ltr'>συνέβη</span> 
     </span>
     <span class='ocr_line' id='line_1_17' title="bbox 157 1436 366 1481; baseline 0 -1"><span class='ocrx_word' id='word_1_127' title='bbox 157 1436 263 1480; x_wconf 84' lang='lat' dir='ltr'>VIII</span> <span class='ocrx_word' id='word_1_128' title='bbox 294 1437 366 1481; x_wconf 89' lang='lat'>88.</span> 
     </span>
    </p>

    <p class='ocr_par' dir='ltr' id='par_1_10' title="bbox 151 1509 1726 1855">
     <span class='ocr_line' id='line_1_18' title="bbox 298 1509 1726 1567; baseline 0.002 -15"><span class='ocrx_word' id='word_1_129' title='bbox 298 1509 344 1563; x_wconf 87' lang='lat' dir='ltr'>b)</span> <span class='ocrx_word' id='word_1_130' title='bbox 377 1509 600 1553; x_wconf 89' lang='lat' dir='ltr'>Sententia</span> <span class='ocrx_word' id='word_1_131' title='bbox 631 1510 836 1566; x_wconf 80' lang='lat' dir='ltr'>primaria</span> <span class='ocrx_word' id='word_1_132' title='bbox 868 1516 933 1554; x_wconf 88' lang='lat' dir='ltr'>est</span> <span class='ocrx_word' id='word_1_133' title='bbox 964 1513 1187 1567; x_wconf 82' lang='lat' dir='ltr'>negativa:</span> <span class='ocrx_word' id='word_1_134' title='bbox 1223 1513 1274 1555; x_wconf 87' lang='grc' dir='ltr'>οὐ</span> <span class='ocrx_word' id='word_1_135' title='bbox 1308 1514 1384 1564; x_wconf 79' lang='grc' dir='ltr'>μὲν</span> <span class='ocrx_word' id='word_1_136' title='bbox 1415 1513 1517 1555; x_wconf 80' lang='grc' dir='ltr'>οὐδὲ</span> <span class='ocrx_word' id='word_1_137' title='bbox 1549 1514 1574 1565; x_wconf 86' lang='grc' dir='ltr'><strong>ἡ</strong></span> <span class='ocrx_word' id='word_1_138' title='bbox 1609 1516 1726 1566; x_wconf 90' lang='grc' dir='ltr'>βασι-</span> 
     </span>
     <span class='ocr_line' id='line_1_19' title="bbox 153 1580 1724 1636; baseline 0.002 -12"><span class='ocrx_word' id='word_1_139' title='bbox 153 1581 251 1633; x_wconf 79' lang='grc' dir='ltr'>ληίη</span> <span class='ocrx_word' id='word_1_140' title='bbox 283 1581 329 1634; x_wconf 85' lang='grc' dir='ltr'>ἐς</span> <span class='ocrx_word' id='word_1_141' title='bbox 352 1580 633 1634; x_wconf 79' lang='grc' dir='ltr'>Ἀλέξανδρον</span> <span class='ocrx_word' id='word_1_142' title='bbox 665 1584 839 1635; x_wconf 88' lang='grc' dir='ltr'>περιήιε,</span> <span class='ocrx_word' id='word_1_143' title='bbox 873 1583 986 1626; x_wconf 88' lang='grc' dir='ltr'>ὥστε</span> <span class='ocrx_word' id='word_1_144' title='bbox 1017 1585 1222 1636; x_wconf 91' lang='grc' dir='ltr'>γέροντος</span> <span class='ocrx_word' id='word_1_145' title='bbox 1244 1585 1443 1636; x_wconf 88' lang='grc' dir='ltr'>Πριάμου</span> <span class='ocrx_word' id='word_1_146' title='bbox 1476 1585 1626 1636; x_wconf 80' lang='grc' dir='ltr'>ἐόντος</span> <span class='ocrx_word' id='word_1_147' title='bbox 1659 1584 1724 1627; x_wconf 83' lang='grc' dir='ltr'>ἐπ’</span> 
     </span>
     <span class='ocr_line' id='line_1_20' title="bbox 153 1652 1725 1710; baseline 0.002 -15"><span class='ocrx_word' id='word_1_148' title='bbox 153 1652 302 1710; x_wconf 77' lang='grc' dir='ltr'>ἐκείνῳ</span> <span class='ocrx_word' id='word_1_149' title='bbox 333 1653 387 1695; x_wconf 90' lang='grc' dir='ltr'>τὰ</span> <span class='ocrx_word' id='word_1_150' title='bbox 417 1654 645 1706; x_wconf 88' lang='grc' dir='ltr'>πρήγματα</span> <span class='ocrx_word' id='word_1_151' title='bbox 677 1654 784 1697; x_wconf 82' lang='grc' dir='ltr'>εἶναι</span> <span class='ocrx_word' id='word_1_152' title='bbox 823 1655 865 1697; x_wconf 88' lang='grc' dir='ltr'><strong><em>Π</em></strong></span> <span class='ocrx_word' id='word_1_153' title='bbox 902 1656 999 1697; x_wconf 90' lang='grc'><strong>120.</strong></span> <span class='ocrx_word' id='word_1_154' title='bbox 1039 1655 1076 1697; x_wconf 93' lang='lat' dir='ltr'>V</span> <span class='ocrx_word' id='word_1_155' title='bbox 1109 1656 1180 1698; x_wconf 85' lang='lat'>30.</span> <span class='ocrx_word' id='word_1_156' title='bbox 1222 1656 1301 1698; x_wconf 94' lang='lat' dir='ltr'>VII</span> <span class='ocrx_word' id='word_1_157' title='bbox 1335 1657 1362 1698; x_wconf 84' lang='lat'>9</span> <span class='ocrx_word' id='word_1_158' title='bbox 1382 1659 1418 1708; x_wconf 88' lang='grc' dir='ltr'>β.</span> <span class='ocrx_word' id='word_1_159' title='bbox 1458 1656 1521 1698; x_wconf 91' lang='lat' dir='ltr'>IX</span> <span class='ocrx_word' id='word_1_160' title='bbox 1554 1657 1624 1699; x_wconf 83' lang='lat'>38.</span> <span class='ocrx_word' id='word_1_161' title='bbox 1668 1657 1725 1698; x_wconf 68' lang='lat' dir='ltr'>lv</span> 
     </span>
     <span class='ocr_line' id='line_1_21' title="bbox 156 1724 1724 1783; baseline 0.001 -15"><span class='ocrx_word' id='word_1_162' title='bbox 156 1724 254 1768; x_wconf 89' lang='lat'>198.</span> <span class='ocrx_word' id='word_1_163' title='bbox 287 1724 426 1779; x_wconf 82' lang='lat' dir='ltr'>(Quae</span> <span class='ocrx_word' id='word_1_164' title='bbox 457 1731 697 1782; x_wconf 85' lang='lat' dir='ltr'>repugnant</span> <span class='ocrx_word' id='word_1_165' title='bbox 730 1727 939 1782; x_wconf 83' lang='lat' dir='ltr'>exempla,</span> <span class='ocrx_word' id='word_1_166' title='bbox 975 1728 1135 1782; x_wconf 83' lang='grc'><strong>11120,</strong></span> <span class='ocrx_word' id='word_1_167' title='bbox 1169 1728 1241 1770; x_wconf 91' lang='lat' dir='ltr'>ubi</span> <span class='ocrx_word' id='word_1_168' title='bbox 1274 1728 1454 1783; x_wconf 62' lang='lat' dir='ltr'>imperf„</span> <span class='ocrx_word' id='word_1_169' title='bbox 1489 1733 1531 1770; x_wconf 91' lang='lat' dir='ltr'>et</span> <span class='ocrx_word' id='word_1_170' title='bbox 1554 1729 1724 1779; x_wconf 79' lang='lat' dir='ltr'>V1116,</span> 
     </span>
     <span class='ocr_line' id='line_1_22' title="bbox 151 1796 1044 1855; baseline 0.001 -15"><span class='ocrx_word' id='word_1_171' title='bbox 151 1810 190 1848; x_wconf 89' lang='grc' dir='ltr'>γ,</span> <span class='ocrx_word' id='word_1_172' title='bbox 220 1796 295 1841; x_wconf 85' lang='lat' dir='ltr'>ubi</span> <span class='ocrx_word' id='word_1_173' title='bbox 326 1797 404 1840; x_wconf 86' lang='lat' dir='ltr'>fut.</span> <span class='ocrx_word' id='word_1_174' title='bbox 437 1797 525 1841; x_wconf 90' lang='lat' dir='ltr'>ind.</span> <span class='ocrx_word' id='word_1_175' title='bbox 558 1798 846 1853; x_wconf 86' lang='lat' dir='ltr'>exstat‚.vide</span> <span class='ocrx_word' id='word_1_176' title='bbox 879 1813 920 1855; x_wconf 87' lang='lat' dir='ltr'>p.</span> <span class='ocrx_word' id='word_1_177' title='bbox 954 1800 1044 1852; x_wconf 77' lang='lat'>50.)</span> 
     </span>
    </p>

    <p class='ocr_par' dir='ltr' id='par_1_11' title="bbox 151 1869 1725 2056">
     <span class='ocr_line' id='line_1_23' title="bbox 295 1869 1723 1927; baseline 0.001 -14"><span class='ocrx_word' id='word_1_178' title='bbox 295 1870 336 1924; x_wconf 85' lang='lat' dir='ltr'>e)</span> <span class='ocrx_word' id='word_1_179' title='bbox 385 1869 608 1913; x_wconf 86' lang='lat' dir='ltr'>Sententia</span> <span class='ocrx_word' id='word_1_180' title='bbox 646 1871 850 1927; x_wconf 87' lang='lat' dir='ltr'>primaria</span> <span class='ocrx_word' id='word_1_181' title='bbox 891 1872 1227 1927; x_wconf 80' lang='lat' dir='ltr'>comparativum</span> <span class='ocrx_word' id='word_1_182' title='bbox 1268 1885 1362 1914; x_wconf 90' lang='lat' dir='ltr'>cum</span> <span class='ocrx_word' id='word_1_183' title='bbox 1395 1872 1419 1923; x_wconf 88' lang='grc' dir='ltr'><strong>ἤ</strong></span> <span class='ocrx_word' id='word_1_184' title='bbox 1454 1871 1723 1914; x_wconf 83' lang='lat' dir='ltr'>coniunctum</span> 
     </span>
     <span class='ocr_line' id='line_1_24' title="bbox 152 1940 1725 1994; baseline 0.001 -10"><span class='ocrx_word' id='word_1_185' title='bbox 152 1940 361 1984; x_wconf 77' lang='lat' dir='ltr'>continet:</span> <span class='ocrx_word' id='word_1_186' title='bbox 394 1941 448 1984; x_wconf 87' lang='grc' dir='ltr'>τὰ</span> <span class='ocrx_word' id='word_1_187' title='bbox 481 1943 557 1994; x_wconf 81' lang='grc' dir='ltr'>μὲν</span> <span class='ocrx_word' id='word_1_188' title='bbox 589 1942 729 1994; x_wconf 90' lang='grc' dir='ltr'>οἰκήια</span> <span class='ocrx_word' id='word_1_189' title='bbox 760 1942 812 1994; x_wconf 87' lang='grc' dir='ltr'>ἦν</span> <span class='ocrx_word' id='word_1_190' title='bbox 846 1943 955 1994; x_wconf 84' lang='grc' dir='ltr'>μέζω</span> <span class='ocrx_word' id='word_1_191' title='bbox 979 1943 1085 1985; x_wconf 86' lang='grc' dir='ltr'>κακὰ</span> <span class='ocrx_word' id='word_1_192' title='bbox 1107 1944 1132 1994; x_wconf 88' lang='grc' dir='ltr'>ἢ</span> <span class='ocrx_word' id='word_1_193' title='bbox 1156 1942 1269 1986; x_wconf 86' lang='grc' dir='ltr'>ὥστε</span> <span class='ocrx_word' id='word_1_194' title='bbox 1292 1943 1538 1986; x_wconf 82' lang='grc' dir='ltr'>ἀνακλαίειν</span> <span class='ocrx_word' id='word_1_195' title='bbox 1572 1944 1635 1985; x_wconf 90' lang='grc' dir='ltr'>ΙΙΙ</span> <span class='ocrx_word' id='word_1_196' title='bbox 1658 1945 1725 1985; x_wconf 76' lang='lat'>14.</span> 
     </span>
     <span class='ocr_line' id='line_1_25' title="bbox 151 2011 363 2056; baseline 0 0"><span class='ocrx_word' id='word_1_197' title='bbox 151 2011 258 2056; x_wconf 94' lang='lat' dir='ltr'>VIII</span> <span class='ocrx_word' id='word_1_198' title='bbox 284 2013 363 2056; x_wconf 86' lang='lat'>22.</span> 
     </span>
    </p>

    <p class='ocr_par' dir='ltr' id='par_1_12' title="bbox 295 2083 1498 2142">
     <span class='ocr_line' id='line_1_26' title="bbox 295 2083 1498 2142; baseline 0.001 -15"><span class='ocrx_word' id='word_1_199' title='bbox 295 2083 340 2138; x_wconf 85' lang='lat' dir='ltr'>d)</span> <span class='ocrx_word' id='word_1_200' title='bbox 373 2085 599 2128; x_wconf 85' lang='lat' dir='ltr'>Sententia</span> <span class='ocrx_word' id='word_1_201' title='bbox 629 2085 833 2142; x_wconf 86' lang='lat' dir='ltr'>primaria</span> <span class='ocrx_word' id='word_1_202' title='bbox 865 2090 929 2128; x_wconf 90' lang='lat' dir='ltr'>est</span> <span class='ocrx_word' id='word_1_203' title='bbox 962 2085 1269 2129; x_wconf 80' lang='lat' dir='ltr'>condicionalis</span> <span class='ocrx_word' id='word_1_204' title='bbox 1302 2087 1364 2128; x_wconf 88' lang='lat' dir='ltr'>IX</span> <span class='ocrx_word' id='word_1_205' title='bbox 1402 2088 1498 2136; x_wconf 76' lang='lat'>100.</span> 
     </span>
    </p>

    <p class='ocr_par' dir='ltr' id='par_1_13' title="bbox 296 2156 1147 2213">
     <span class='ocr_line' id='line_1_27' title="bbox 296 2156 1147 2213; baseline 0 -14"><span class='ocrx_word' id='word_1_206' title='bbox 296 2158 338 2210; x_wconf 88' lang='lat' dir='ltr'>e)</span> <span class='ocrx_word' id='word_1_207' title='bbox 370 2156 595 2200; x_wconf 86' lang='lat' dir='ltr'>Sententia</span> <span class='ocrx_word' id='word_1_208' title='bbox 626 2157 830 2213; x_wconf 83' lang='lat' dir='ltr'>primaria</span> <span class='ocrx_word' id='word_1_209' title='bbox 862 2158 956 2213; x_wconf 81' lang='lat' dir='ltr'>ipsa</span> <span class='ocrx_word' id='word_1_210' title='bbox 987 2157 1147 2213; x_wconf 88' lang='lat' dir='ltr'>pendet</span> 
     </span>
    </p>

    <p class='ocr_par' dir='ltr' id='par_1_14' title="bbox 297 2228 1430 2284">
     <span class='ocr_line' id='line_1_28' title="bbox 297 2228 1430 2284; baseline 0.002 -14"><span class='ocrx_word' id='word_1_211' title='bbox 297 2229 336 2270; x_wconf 95' lang='lat'>1.</span> <span class='ocrx_word' id='word_1_212' title='bbox 369 2228 412 2271; x_wconf 92' lang='lat' dir='ltr'>in</span> <span class='ocrx_word' id='word_1_213' title='bbox 443 2228 653 2271; x_wconf 90' lang='lat' dir='ltr'>infinitivo</span> <span class='ocrx_word' id='word_1_214' title='bbox 686 2230 827 2284; x_wconf 88' lang='lat' dir='ltr'>posita</span> <span class='ocrx_word' id='word_1_215' title='bbox 859 2229 1077 2273; x_wconf 70' lang='lat' dir='ltr'>exverbo</span> <span class='ocrx_word' id='word_1_216' title='bbox 1110 2228 1282 2272; x_wconf 86' lang='lat' dir='ltr'>dicendi</span> <span class='ocrx_word' id='word_1_217' title='bbox 1315 2231 1430 2272; x_wconf 66' lang='lat' dir='ltr'>sinn:</span> 
     </span>
    </p>

    <p class='ocr_par' dir='ltr' id='par_1_15' title="bbox 145 2298 1723 3073">
     <span class='ocr_line' id='line_1_29' title="bbox 292 2298 1723 2354; baseline 0.001 -12"><span class='ocrx_word' id='word_1_218' title='bbox 292 2298 476 2352; x_wconf 80' lang='grc' dir='ltr'>ἀσθενὲς</span> <span class='ocrx_word' id='word_1_219' title='bbox 509 2301 556 2342; x_wconf 78' lang='grc' dir='ltr'>δὲ</span> <span class='ocrx_word' id='word_1_220' title='bbox 588 2301 638 2343; x_wconf 89' lang='grc' dir='ltr'>τὸ</span> <span class='ocrx_word' id='word_1_221' title='bbox 671 2300 789 2353; x_wconf 86' lang='grc' dir='ltr'>ὕδωρ</span> <span class='ocrx_word' id='word_1_222' title='bbox 821 2304 897 2352; x_wconf 89' lang='grc' dir='ltr'>τῆς</span> <span class='ocrx_word' id='word_1_223' title='bbox 930 2302 1088 2353; x_wconf 90' lang='grc' dir='ltr'>κρήνης</span> <span class='ocrx_word' id='word_1_224' title='bbox 1117 2301 1275 2353; x_wconf 84' lang='grc' dir='ltr'>ταύτης</span> <span class='ocrx_word' id='word_1_225' title='bbox 1299 2301 1414 2344; x_wconf 86' lang='grc' dir='ltr'>οὕτω</span> <span class='ocrx_word' id='word_1_226' title='bbox 1438 2303 1489 2354; x_wconf 92' lang='grc' dir='ltr'>δή</span> <span class='ocrx_word' id='word_1_227' title='bbox 1512 2317 1550 2344; x_wconf 90' lang='grc' dir='ltr'>τι</span> <span class='ocrx_word' id='word_1_228' title='bbox 1573 2302 1723 2352; x_wconf 83' lang='grc' dir='ltr'>ἔλεγον</span> 
     </span>
     <span class='ocr_line' id='line_1_30' title="bbox 146 2369 1722 2424; baseline 0.001 -10"><span class='ocrx_word' id='word_1_229' title='bbox 146 2369 256 2414; x_wconf 79' lang='grc' dir='ltr'>εἶναι</span> <span class='ocrx_word' id='word_1_230' title='bbox 288 2371 329 2414; x_wconf 85' lang='grc' dir='ltr'>οἱ</span> <span class='ocrx_word' id='word_1_231' title='bbox 361 2372 627 2414; x_wconf 88' lang='grc' dir='ltr'>κατάσκοποι</span> <span class='ocrx_word' id='word_1_232' title='bbox 656 2372 770 2415; x_wconf 87' lang='grc' dir='ltr'>ὥστε</span> <span class='ocrx_word' id='word_1_233' title='bbox 800 2374 932 2424; x_wconf 78' lang='grc' dir='ltr'>μηδὲν</span> <span class='ocrx_word' id='word_1_234' title='bbox 955 2372 1095 2415; x_wconf 85' lang='grc' dir='ltr'>οἷόντε</span> <span class='ocrx_word' id='word_1_235' title='bbox 1119 2372 1226 2415; x_wconf 84' lang='grc' dir='ltr'>εἶναι</span> <span class='ocrx_word' id='word_1_236' title='bbox 1250 2373 1315 2415; x_wconf 80' lang='grc' dir='ltr'>ἐπ’</span> <span class='ocrx_word' id='word_1_237' title='bbox 1340 2374 1473 2415; x_wconf 85' lang='grc' dir='ltr'>αὐτοῦ</span> <span class='ocrx_word' id='word_1_238' title='bbox 1497 2374 1722 2416; x_wconf 82' lang='grc' dir='ltr'>ἐπιπλέειν.</span> 
     </span>
     <span class='ocr_line' id='line_1_31' title="bbox 147 2442 1722 2500; baseline 0 -14"><span class='ocrx_word' id='word_1_239' title='bbox 147 2442 215 2486; x_wconf 94' lang='lat' dir='ltr'>III</span> <span class='ocrx_word' id='word_1_240' title='bbox 246 2443 319 2486; x_wconf 87' lang='lat'>23.</span> <span class='ocrx_word' id='word_1_241' title='bbox 382 2444 450 2486; x_wconf 88' lang='grc' dir='ltr'>καί</span> <span class='ocrx_word' id='word_1_242' title='bbox 481 2444 522 2486; x_wconf 82' lang='grc' dir='ltr'>οἱ</span> <span class='ocrx_word' id='word_1_243' title='bbox 554 2444 724 2494; x_wconf 80' lang='grc' dir='ltr'>ἐγένετο</span> <span class='ocrx_word' id='word_1_244' title='bbox 758 2444 957 2496; x_wconf 87' lang='grc' dir='ltr'>θυγάτηρ,</span> <span class='ocrx_word' id='word_1_245' title='bbox 1005 2445 1082 2495; x_wconf 85' lang='grc' dir='ltr'>τὴν</span> <span class='ocrx_word' id='word_1_246' title='bbox 1122 2445 1265 2486; x_wconf 81' lang='grc' dir='ltr'>ἐδόκεε</span> <span class='ocrx_word' id='word_1_247' title='bbox 1299 2444 1536 2496; x_wconf 87' lang='grc' dir='ltr'>Ἀστυάγης</span> <span class='ocrx_word' id='word_1_248' title='bbox 1577 2446 1623 2487; x_wconf 82' lang='grc' dir='ltr'>ἐν</span> <span class='ocrx_word' id='word_1_249' title='bbox 1662 2449 1722 2500; x_wconf 84' lang='grc' dir='ltr'>τῷ</span> 
     </span>
     <span class='ocr_line' id='line_1_32' title="bbox 147 2513 1720 2571; baseline 0.001 -14"><span class='ocrx_word' id='word_1_250' title='bbox 147 2513 272 2571; x_wconf 83' lang='grc' dir='ltr'>ὕπνῳ</span> <span class='ocrx_word' id='word_1_251' title='bbox 304 2515 488 2567; x_wconf 88' lang='grc' dir='ltr'>οὐρῆσαι</span> <span class='ocrx_word' id='word_1_252' title='bbox 519 2518 708 2558; x_wconf 92' lang='grc' dir='ltr'>τοσοῦτο</span> <span class='ocrx_word' id='word_1_253' title='bbox 741 2516 854 2558; x_wconf 86' lang='grc' dir='ltr'>ὥστε</span> <span class='ocrx_word' id='word_1_254' title='bbox 886 2519 1047 2567; x_wconf 85' lang='grc' dir='ltr'>πλῆσαι</span> <span class='ocrx_word' id='word_1_255' title='bbox 1086 2517 1163 2567; x_wconf 88' lang='grc' dir='ltr'>τὴν</span> <span class='ocrx_word' id='word_1_256' title='bbox 1204 2517 1367 2558; x_wconf 85' lang='grc' dir='ltr'>ἑωυτοῦ</span> <span class='ocrx_word' id='word_1_257' title='bbox 1408 2517 1535 2558; x_wconf 89' lang='grc' dir='ltr'>πόλιν</span> <span class='ocrx_word' id='word_1_258' title='bbox 1570 2517 1587 2558; x_wconf 94' lang='lat' dir='ltr'>I</span> <span class='ocrx_word' id='word_1_259' title='bbox 1624 2518 1720 2559; x_wconf 76' lang='lat'>107.</span> 
     </span>
     <span class='ocr_line' id='line_1_33' title="bbox 146 2585 1721 2640; baseline 0.001 -11"><span class='ocrx_word' id='word_1_260' title='bbox 146 2585 191 2628; x_wconf 95' lang='lat' dir='ltr'>II</span> <span class='ocrx_word' id='word_1_261' title='bbox 226 2587 324 2629; x_wconf 80' lang='lat'>126.</span> <span class='ocrx_word' id='word_1_262' title='bbox 361 2587 460 2629; x_wconf 89' lang='grc'><strong>141.</strong></span> <span class='ocrx_word' id='word_1_263' title='bbox 510 2588 547 2630; x_wconf 95' lang='lat' dir='ltr'><strong>V</strong></span> <span class='ocrx_word' id='word_1_264' title='bbox 583 2588 681 2629; x_wconf 78' lang='lat'>105.</span> <span class='ocrx_word' id='word_1_265' title='bbox 731 2587 834 2630; x_wconf 90' lang='lat' dir='ltr'>VIII</span> <span class='ocrx_word' id='word_1_266' title='bbox 869 2589 939 2629; x_wconf 88' lang='lat'>84.</span> <span class='ocrx_word' id='word_1_267' title='bbox 1002 2589 1055 2639; x_wconf 85' lang='grc' dir='ltr'>ἢν</span> <span class='ocrx_word' id='word_1_268' title='bbox 1095 2588 1171 2639; x_wconf 87' lang='grc' dir='ltr'>μέν</span> <span class='ocrx_word' id='word_1_269' title='bbox 1211 2602 1289 2630; x_wconf 91' lang='grc' dir='ltr'>νυν</span> <span class='ocrx_word' id='word_1_270' title='bbox 1330 2590 1383 2639; x_wconf 89' lang='grc' dir='ltr'>μὴ</span> <span class='ocrx_word' id='word_1_271' title='bbox 1424 2588 1721 2640; x_wconf 85' lang='grc' dir='ltr'>συμβάλωμεν,</span> 
     </span>
     <span class='ocr_line' id='line_1_34' title="bbox 146 2656 1720 2711; baseline 0.001 -10"><span class='ocrx_word' id='word_1_272' title='bbox 146 2656 328 2711; x_wconf 85' lang='grc' dir='ltr'>ἔλπομαί</span> <span class='ocrx_word' id='word_1_273' title='bbox 367 2673 464 2701; x_wconf 86' lang='grc' dir='ltr'>τινα</span> <span class='ocrx_word' id='word_1_274' title='bbox 503 2659 660 2701; x_wconf 92' lang='grc' dir='ltr'>στάσιν</span> <span class='ocrx_word' id='word_1_275' title='bbox 700 2659 888 2711; x_wconf 91' lang='grc' dir='ltr'>μεγάλην</span> <span class='ocrx_word' id='word_1_276' title='bbox 929 2659 1164 2701; x_wconf 80' lang='grc' dir='ltr'>διασείσειν</span> <span class='ocrx_word' id='word_1_277' title='bbox 1202 2660 1480 2710; x_wconf 81' lang='grc' dir='ltr'>ἐμπεσοῦσαν</span> <span class='ocrx_word' id='word_1_278' title='bbox 1518 2660 1569 2701; x_wconf 87' lang='grc' dir='ltr'>τὰ</span> <span class='ocrx_word' id='word_1_279' title='bbox 1603 2660 1720 2711; x_wconf 85' lang='grc' dir='ltr'>Ἀθη-</span> 
     </span>
     <span class='ocr_line' id='line_1_35' title="bbox 145 2730 1720 2783; baseline 0.001 -11"><span class='ocrx_word' id='word_1_280' title='bbox 145 2730 281 2773; x_wconf 86' lang='grc' dir='ltr'>ναίων</span> <span class='ocrx_word' id='word_1_281' title='bbox 313 2731 570 2783; x_wconf 89' lang='grc' dir='ltr'>φρονήματα</span> <span class='ocrx_word' id='word_1_282' title='bbox 602 2730 715 2773; x_wconf 87' lang='grc' dir='ltr'>ὥστε</span> <span class='ocrx_word' id='word_1_283' title='bbox 748 2732 921 2782; x_wconf 80' lang='grc' dir='ltr'>μηδίσαι</span> <span class='ocrx_word' id='word_1_284' title='bbox 960 2731 1019 2773; x_wconf 94' lang='lat' dir='ltr'>VI</span> <span class='ocrx_word' id='word_1_285' title='bbox 1057 2732 1153 2773; x_wconf 83' lang='lat'>109.</span> <span class='ocrx_word' id='word_1_286' title='bbox 1219 2732 1354 2782; x_wconf 86' lang='grc' dir='ltr'>Κῦρος</span> <span class='ocrx_word' id='word_1_287' title='bbox 1388 2732 1427 2773; x_wconf 84' lang='grc' dir='ltr'>οἱ</span> <span class='ocrx_word' id='word_1_288' title='bbox 1460 2732 1720 2782; x_wconf 82' lang='grc' dir='ltr'>ἐπηπείλησε</span> 
     </span>
     <span class='ocr_line' id='line_1_36' title="bbox 146 2799 1718 2854; baseline 0 -10"><span class='ocrx_word' id='word_1_289' title='bbox 146 2799 262 2844; x_wconf 89' lang='grc' dir='ltr'>οὕτω</span> <span class='ocrx_word' id='word_1_290' title='bbox 295 2802 347 2854; x_wconf 89' lang='grc' dir='ltr'>δή</span> <span class='ocrx_word' id='word_1_291' title='bbox 380 2816 450 2854; x_wconf 90' lang='grc' dir='ltr'>μιν</span> <span class='ocrx_word' id='word_1_292' title='bbox 482 2802 668 2844; x_wconf 87' lang='grc' dir='ltr'>ἀσθενέα</span> <span class='ocrx_word' id='word_1_293' title='bbox 701 2804 899 2854; x_wconf 88' lang='grc' dir='ltr'>ποιήσειν</span> <span class='ocrx_word' id='word_1_294' title='bbox 941 2802 1053 2844; x_wconf 85' lang='grc' dir='ltr'>ὥστε</span> <span class='ocrx_word' id='word_1_295' title='bbox 1094 2805 1170 2844; x_wconf 90' lang='grc' dir='ltr'>τοῦ</span> <span class='ocrx_word' id='word_1_296' title='bbox 1213 2805 1365 2844; x_wconf 84' lang='grc' dir='ltr'>λοιποῦ</span> <span class='ocrx_word' id='word_1_297' title='bbox 1407 2805 1474 2844; x_wconf 86' lang='grc' dir='ltr'>καὶ</span> <span class='ocrx_word' id='word_1_298' title='bbox 1513 2803 1718 2854; x_wconf 88' lang='grc' dir='ltr'>γυναῖκάς</span> 
     </span>
     <span class='ocr_line' id='line_1_37' title="bbox 145 2874 1719 2927; baseline 0.001 -11"><span class='ocrx_word' id='word_1_299' title='bbox 145 2886 216 2926; x_wconf 91' lang='grc' dir='ltr'>μιν</span> <span class='ocrx_word' id='word_1_300' title='bbox 248 2874 462 2926; x_wconf 88' lang='grc' dir='ltr'>εὐπετέως</span> <span class='ocrx_word' id='word_1_301' title='bbox 495 2875 544 2916; x_wconf 90' lang='grc' dir='ltr'>τὸ</span> <span class='ocrx_word' id='word_1_302' title='bbox 576 2875 683 2925; x_wconf 89' lang='grc' dir='ltr'>γόνυ</span> <span class='ocrx_word' id='word_1_303' title='bbox 717 2875 768 2916; x_wconf 87' lang='grc' dir='ltr'>οὐ</span> <span class='ocrx_word' id='word_1_304' title='bbox 804 2874 1043 2927; x_wconf 85' lang='grc' dir='ltr'>βρεχούσας</span> <span class='ocrx_word' id='word_1_305' title='bbox 1078 2875 1360 2927; x_wconf 82' lang='grc' dir='ltr'>διαβήσεσθαι</span> <span class='ocrx_word' id='word_1_306' title='bbox 1393 2875 1530 2917; x_wconf 88' lang='grc'><strong>1189.</strong></span> <span class='ocrx_word' id='word_1_307' title='bbox 1565 2875 1605 2917; x_wconf 89' lang='lat' dir='ltr'>in</span> <span class='ocrx_word' id='word_1_308' title='bbox 1629 2889 1719 2917; x_wconf 77' lang='lat' dir='ltr'>cra-</span> 
     </span>
     <span class='ocr_line' id='line_1_38' title="bbox 145 2945 1718 3001; baseline 0.001 -14"><span class='ocrx_word' id='word_1_309' title='bbox 145 2945 262 2987; x_wconf 83' lang='lat' dir='ltr'>tione</span> <span class='ocrx_word' id='word_1_310' title='bbox 303 2945 509 2999; x_wconf 43' lang='lat' dir='ltr'>obliqua-2</span> <span class='ocrx_word' id='word_1_311' title='bbox 551 2945 659 2988; x_wconf 86' lang='grc' dir='ltr'>εἶναι</span> <span class='ocrx_word' id='word_1_312' title='bbox 700 2947 746 2987; x_wconf 84' lang='grc' dir='ltr'>δὲ</span> <span class='ocrx_word' id='word_1_313' title='bbox 785 2949 1000 2997; x_wconf 86' lang='grc' dir='ltr'>ταχυτῆτα</span> <span class='ocrx_word' id='word_1_314' title='bbox 1040 2947 1183 2988; x_wconf 83' lang='grc' dir='ltr'>οὐδενὶ</span> <span class='ocrx_word' id='word_1_315' title='bbox 1224 2946 1354 3001; x_wconf 85' lang='grc' dir='ltr'>ἑτέρῳ</span> <span class='ocrx_word' id='word_1_316' title='bbox 1395 2946 1556 2997; x_wconf 89' lang='grc' dir='ltr'>ὅμοιον,</span> <span class='ocrx_word' id='word_1_317' title='bbox 1604 2946 1718 2988; x_wconf 85' lang='grc' dir='ltr'>οὕτω</span> 
     </span>
     <span class='ocr_line' id='line_1_39' title="bbox 145 3016 1717 3073; baseline -0.001 -12"><span class='ocrx_word' id='word_1_318' title='bbox 145 3016 270 3068; x_wconf 79' lang='grc' dir='ltr'>ὥστε,</span> <span class='ocrx_word' id='word_1_319' title='bbox 319 3018 354 3060; x_wconf 87' lang='grc' dir='ltr'>εἰ</span> <span class='ocrx_word' id='word_1_320' title='bbox 393 3019 447 3069; x_wconf 87' lang='grc' dir='ltr'>μὴ</span> <span class='ocrx_word' id='word_1_321' title='bbox 489 3018 807 3070; x_wconf 89' lang='grc' dir='ltr'>προλαμβάνειν</span> <span class='ocrx_word' id='word_1_322' title='bbox 848 3019 949 3070; x_wconf 86' lang='grc' dir='ltr'>τοὺς</span> <span class='ocrx_word' id='word_1_323' title='bbox 991 3018 1149 3069; x_wconf 85' lang='grc' dir='ltr'>Ἰνδοὺς</span> <span class='ocrx_word' id='word_1_324' title='bbox 1192 3021 1267 3069; x_wconf 86' lang='grc' dir='ltr'>τῆς</span> <span class='ocrx_word' id='word_1_325' title='bbox 1309 3018 1413 3059; x_wconf 83' lang='grc' dir='ltr'>ὁδοῦ</span> <span class='ocrx_word' id='word_1_326' title='bbox 1455 3019 1501 3059; x_wconf 78' lang='grc' dir='ltr'>ἐν</span> <span class='ocrx_word' id='word_1_327' title='bbox 1541 3019 1575 3073; x_wconf 84' lang='grc' dir='ltr'>ᾧ</span> <span class='ocrx_word' id='word_1_328' title='bbox 1616 3019 1717 3071; x_wconf 83' lang='grc' dir='ltr'>τοὺς</span> 
     </span>
    </p>
   </div>
  </div>
 </body>
</html>
