<?xml version="1.0" encoding="UTF-8"?>
<!DOCTYPE html PUBLIC "-//W3C//DTD XHTML 1.0 Transitional//EN"
    "http://www.w3.org/TR/xhtml1/DTD/xhtml1-transitional.dtd">
<html xmlns="http://www.w3.org/1999/xhtml" xml:lang="en" lang="en">
 <head>
  <title>
</title>
<meta http-equiv="Content-Type" content="text/html;charset=utf-8" />
  <meta name='ocr-system' content='tesseract 3.04.00' />
  <meta name='ocr-capabilities' content='ocr_page ocr_carea ocr_par ocr_line ocrx_word'/>
</head>
<body>
  <div class='ocr_page' id='page_1' title='image "./dehosteparticula00wehmuoft_0056.png"; bbox 0 0 2034 3458; ppageno 0'>
   <div class='ocr_carea' id='block_1_1' title="bbox 1059 319 1292 361">
    <p class='ocr_par' dir='ltr' id='par_1_1' title="bbox 1059 319 1292 361">
     <span class='ocr_line' id='line_1_1' title="bbox 1059 319 1292 361; baseline -0.004 -10"><span class='ocrx_word' id='word_1_1' title='bbox 1059 319 1292 361; x_wconf 24' lang='grc' dir='ltr'><strong>,211κῴ</strong></span> 
     </span>
    </p>
   </div>
   <div class='ocr_carea' id='block_1_2' title="bbox 397 439 1955 1636">
    <p class='ocr_par' dir='ltr' id='par_1_2' title="bbox 397 439 1954 569">
     <span class='ocr_line' id='line_1_2' title="bbox 397 439 1954 503; baseline -0.003 -12"><span class='ocrx_word' id='word_1_2' title='bbox 397 453 559 502; x_wconf 66' lang='lat' dir='ltr'>narrat,</span> <span class='ocrx_word' id='word_1_3' title='bbox 610 452 773 491; x_wconf 85' lang='lat' dir='ltr'>vertere</span> <span class='ocrx_word' id='word_1_4' title='bbox 806 460 1046 503; x_wconf 78' lang='lat' dir='ltr'>possumus:</span> <span class='ocrx_word' id='word_1_5' title='bbox 1097 446 1157 487; x_wconf 88' lang='lat' dir='ltr'>‘in</span> <span class='ocrx_word' id='word_1_6' title='bbox 1193 446 1268 488; x_wconf 87' lang='lat' dir='ltr'>der</span> <span class='ocrx_word' id='word_1_7' title='bbox 1299 445 1491 498; x_wconf 81' lang='lat' dir='ltr'>Absicht,</span> <span class='ocrx_word' id='word_1_8' title='bbox 1540 444 1603 488; x_wconf 87' lang='lat' dir='ltr'>als</span> <span class='ocrx_word' id='word_1_9' title='bbox 1636 443 1689 487; x_wconf 87' lang='lat' dir='ltr'>ob</span> <span class='ocrx_word' id='word_1_10' title='bbox 1722 442 1783 487; x_wconf 89' lang='lat' dir='ltr'>sie</span> <span class='ocrx_word' id='word_1_11' title='bbox 1815 439 1954 487; x_wconf 82' lang='lat' dir='ltr'>sicher</span> 
     </span>
     <span class='ocr_line' id='line_1_3' title="bbox 399 515 1702 569; baseline -0.003 -7"><span class='ocrx_word' id='word_1_12' title='bbox 399 521 648 562; x_wconf 85' lang='lat' dir='ltr'>hekominen</span> <span class='ocrx_word' id='word_1_13' title='bbox 682 518 871 568; x_wconf 80' lang='lat' dir='ltr'>wiirden,</span> <span class='ocrx_word' id='word_1_14' title='bbox 906 517 1182 569; x_wconf 71' lang='lat' dir='ltr'>(andernfalls</span> <span class='ocrx_word' id='word_1_15' title='bbox 1215 518 1332 569; x_wconf 78' lang='lat' dir='ltr'>aher)</span> <span class='ocrx_word' id='word_1_16' title='bbox 1366 516 1437 558; x_wconf 92' lang='lat' dir='ltr'>ihn</span> <span class='ocrx_word' id='word_1_17' title='bbox 1470 530 1519 558; x_wconf 81' lang='lat' dir='ltr'>zu</span> <span class='ocrx_word' id='word_1_18' title='bbox 1553 515 1702 558; x_wconf 72' lang='lat' dir='ltr'>toten&#39;.</span> 
     </span>
    </p>

    <p class='ocr_par' dir='ltr' id='par_1_3' title="bbox 397 587 1955 1636">
     <span class='ocr_line' id='line_1_4' title="bbox 540 587 1952 642; baseline -0.002 -11"><span class='ocrx_word' id='word_1_19' title='bbox 540 590 747 641; x_wconf 74' lang='lat' dir='ltr'>Quoniam</span> <span class='ocrx_word' id='word_1_20' title='bbox 781 589 916 630; x_wconf 82' lang='lat' dir='ltr'>finalis</span> <span class='ocrx_word' id='word_1_21' title='bbox 949 588 1143 629; x_wconf 93' lang='lat' dir='ltr'>infinitivi</span> <span class='ocrx_word' id='word_1_22' title='bbox 1177 601 1275 630; x_wconf 88' lang='lat' dir='ltr'>usus</span> <span class='ocrx_word' id='word_1_23' title='bbox 1307 592 1369 629; x_wconf 89' lang='lat' dir='ltr'>tot</span> <span class='ocrx_word' id='word_1_24' title='bbox 1401 587 1605 642; x_wconf 86' lang='lat' dir='ltr'>exemplis</span> <span class='ocrx_word' id='word_1_25' title='bbox 1629 587 1873 640; x_wconf 82' lang='lat' dir='ltr'>illustratur,</span> <span class='ocrx_word' id='word_1_26' title='bbox 1906 591 1952 628; x_wconf 86' lang='lat' dir='ltr'>ut</span> 
     </span>
     <span class='ocr_line' id='line_1_5' title="bbox 397 644 1951 717; baseline -0.003 -13"><span class='ocrx_word' id='word_1_27' title='bbox 397 661 511 717; x_wconf 88' lang='lat' dir='ltr'>apud</span> <span class='ocrx_word' id='word_1_28' title='bbox 530 660 829 715; x_wconf 72' lang='lat' dir='ltr'>Thucydidem</span> <span class='ocrx_word' id='word_1_29' title='bbox 853 659 1024 713; x_wconf 88' lang='lat' dir='ltr'>quidem</span> <span class='ocrx_word' id='word_1_30' title='bbox 1047 659 1291 714; x_wconf 76' lang='lat' dir='ltr'>praevaleat</span> <span class='ocrx_word' id='word_1_31' title='bbox 1326 659 1595 700; x_wconf 82' lang='lat' dir='ltr'>consecutivo</span> <span class='ocrx_word' id='word_1_32' title='bbox 1628 644 1821 699; x_wconf 70' lang='lat' dir='ltr'>infinitivi</span> <span class='ocrx_word' id='word_1_33' title='bbox 1844 657 1951 711; x_wconf 87' lang='lat' dir='ltr'>usui,</span> 
     </span>
     <span class='ocr_line' id='line_1_6' title="bbox 397 728 1954 784; baseline -0.003 -9"><span class='ocrx_word' id='word_1_34' title='bbox 397 734 538 775; x_wconf 81' lang='lat' dir='ltr'>inirari</span> <span class='ocrx_word' id='word_1_35' title='bbox 571 733 669 774; x_wconf 87' lang='lat' dir='ltr'>licet</span> <span class='ocrx_word' id='word_1_36' title='bbox 702 732 755 773; x_wconf 84' lang='lat' dir='ltr'>ab</span> <span class='ocrx_word' id='word_1_37' title='bbox 797 731 989 772; x_wconf 86' lang='lat' dir='ltr'>omnihus</span> <span class='ocrx_word' id='word_1_38' title='bbox 1029 730 1115 771; x_wconf 84' lang='lat' dir='ltr'>fere</span> <span class='ocrx_word' id='word_1_39' title='bbox 1154 730 1443 784; x_wconf 82' lang='lat' dir='ltr'>grammaticis</span> <span class='ocrx_word' id='word_1_40' title='bbox 1482 729 1636 771; x_wconf 87' lang='lat' dir='ltr'>nostris</span> <span class='ocrx_word' id='word_1_41' title='bbox 1675 728 1787 770; x_wconf 88' lang='grc' dir='ltr'>ὥστε</span> <span class='ocrx_word' id='word_1_42' title='bbox 1826 729 1954 784; x_wconf 83' lang='lat' dir='ltr'>parti-</span> 
     </span>
     <span class='ocr_line' id='line_1_7' title="bbox 398 799 1954 856; baseline -0.003 -10"><span class='ocrx_word' id='word_1_43' title='bbox 398 804 535 846; x_wconf 87' lang='lat' dir='ltr'>culam</span> <span class='ocrx_word' id='word_1_44' title='bbox 568 803 731 844; x_wconf 85' lang='lat' dir='ltr'>nonnisi</span> <span class='ocrx_word' id='word_1_45' title='bbox 765 803 807 843; x_wconf 91' lang='lat' dir='ltr'>in</span> <span class='ocrx_word' id='word_1_46' title='bbox 841 801 1122 843; x_wconf 71' lang='lat' dir='ltr'>consecutivis</span> <span class='ocrx_word' id='word_1_47' title='bbox 1154 801 1373 856; x_wconf 76' lang='lat' dir='ltr'>particulis</span> <span class='ocrx_word' id='word_1_48' title='bbox 1404 801 1614 842; x_wconf 89' lang='lat' dir='ltr'>numerari</span> <span class='ocrx_word' id='word_1_49' title='bbox 1659 801 1813 852; x_wconf 85' lang='lat' dir='ltr'>(ex.·c.</span> <span class='ocrx_word' id='word_1_50' title='bbox 1845 799 1954 841; x_wconf 84' lang='lat' dir='ltr'>Kru-</span> 
     </span>
     <span class='ocr_line' id='line_1_8' title="bbox 397 869 1953 928; baseline -0.003 -12"><span class='ocrx_word' id='word_1_51' title='bbox 397 889 485 928; x_wconf 74' lang='lat' dir='ltr'>ger,</span> <span class='ocrx_word' id='word_1_52' title='bbox 518 873 679 928; x_wconf 82' lang='lat' dir='ltr'>griech.</span> <span class='ocrx_word' id='word_1_53' title='bbox 699 872 982 928; x_wconf 81' lang='lat' dir='ltr'>Sprachlehre</span> <span class='ocrx_word' id='word_1_54' title='bbox 1016 875 1040 924; x_wconf 65' lang='grc' dir='ltr'>ξ</span> <span class='ocrx_word' id='word_1_55' title='bbox 1063 873 1133 913; x_wconf 75' lang='lat'>65.</span> <span class='ocrx_word' id='word_1_56' title='bbox 1182 874 1222 912; x_wconf 81' lang='grc'>2.</span> <span class='ocrx_word' id='word_1_57' title='bbox 1257 872 1337 912; x_wconf 88' lang='lat' dir='ltr'>Die</span> <span class='ocrx_word' id='word_1_58' title='bbox 1360 871 1494 925; x_wconf 82' lang='lat' dir='ltr'>Folge</span> <span class='ocrx_word' id='word_1_59' title='bbox 1526 870 1580 912; x_wconf 88' lang='lat' dir='ltr'>ist</span> <span class='ocrx_word' id='word_1_60' title='bbox 1612 869 1828 925; x_wconf 83' lang='lat' dir='ltr'>entweder</span> <span class='ocrx_word' id='word_1_61' title='bbox 1858 869 1953 912; x_wconf 88' lang='lat' dir='ltr'>eine</span> 
     </span>
     <span class='ocr_line' id='line_1_9' title="bbox 398 940 1954 998; baseline -0.003 -11"><span class='ocrx_word' id='word_1_62' title='bbox 398 944 766 998; x_wconf 83' lang='lat' dir='ltr'>unbeabsichtigte</span> <span class='ocrx_word' id='word_1_63' title='bbox 799 943 901 985; x_wconf 90' lang='lat' dir='ltr'>oder</span> <span class='ocrx_word' id='word_1_64' title='bbox 924 943 1017 984; x_wconf 86' lang='lat' dir='ltr'>eine</span> <span class='ocrx_word' id='word_1_65' title='bbox 1040 942 1372 996; x_wconf 80' lang='lat' dir='ltr'>beabsichtigte:</span> <span class='ocrx_word' id='word_1_66' title='bbox 1408 941 1683 984; x_wconf 86' lang='lat' dir='ltr'>consekutive</span> <span class='ocrx_word' id='word_1_67' title='bbox 1706 940 1809 983; x_wconf 86' lang='lat' dir='ltr'>oder</span> <span class='ocrx_word' id='word_1_68' title='bbox 1829 940 1954 983; x_wconf 87' lang='lat' dir='ltr'>finale</span> 
     </span>
     <span class='ocr_line' id='line_1_10' title="bbox 398 1011 1952 1067; baseline -0.003 -9"><span class='ocrx_word' id='word_1_69' title='bbox 398 1017 537 1058; x_wconf 72' lang='lat' dir='ltr'>Satze.</span> <span class='ocrx_word' id='word_1_70' title='bbox 601 1016 641 1056; x_wconf 77' lang='lat'>3.</span> <span class='ocrx_word' id='word_1_71' title='bbox 676 1016 756 1056; x_wconf 90' lang='lat' dir='ltr'>Die</span> <span class='ocrx_word' id='word_1_72' title='bbox 789 1013 1158 1067; x_wconf 83' lang='lat' dir='ltr'>unheabsichtigte</span> <span class='ocrx_word' id='word_1_73' title='bbox 1185 1013 1315 1067; x_wconf 78' lang='lat' dir='ltr'>Folge</span> <span class='ocrx_word' id='word_1_74' title='bbox 1343 1012 1590 1055; x_wconf 85' lang='lat' dir='ltr'>bezeichnet</span> <span class='ocrx_word' id='word_1_75' title='bbox 1613 1012 1735 1054; x_wconf 87' lang='grc' dir='ltr'>ὥστε.</span> <span class='ocrx_word' id='word_1_76' title='bbox 1796 1013 1838 1054; x_wconf 82' lang='lat'>4.</span> <span class='ocrx_word' id='word_1_77' title='bbox 1871 1011 1952 1054; x_wconf 92' lang='lat' dir='ltr'>Die</span> 
     </span>
     <span class='ocr_line' id='line_1_11' title="bbox 399 1084 1952 1139; baseline -0.003 -10"><span class='ocrx_word' id='word_1_78' title='bbox 399 1086 710 1139; x_wconf 76' lang='lat' dir='ltr'>heabsichtigte</span> <span class='ocrx_word' id='word_1_79' title='bbox 734 1086 868 1139; x_wconf 82' lang='lat' dir='ltr'>Folge</span> <span class='ocrx_word' id='word_1_80' title='bbox 890 1084 1146 1127; x_wconf 73' lang='lat' dir='ltr'>bezeichnen</span> <span class='ocrx_word' id='word_1_81' title='bbox 1175 1085 1256 1134; x_wconf 81' lang='grc' dir='ltr'>ἵνα,</span> <span class='ocrx_word' id='word_1_82' title='bbox 1289 1085 1360 1135; x_wconf 83' lang='grc' dir='ltr'>ὡς,</span> <span class='ocrx_word' id='word_1_83' title='bbox 1393 1084 1545 1137; x_wconf 79' lang='grc' dir='ltr'>ὅπως),</span> <span class='ocrx_word' id='word_1_84' title='bbox 1579 1096 1833 1137; x_wconf 88' lang='lat' dir='ltr'>quamquam</span> <span class='ocrx_word' id='word_1_85' title='bbox 1856 1095 1952 1126; x_wconf 91' lang='lat' dir='ltr'>con-</span> 
     </span>
     <span class='ocr_line' id='line_1_12' title="bbox 398 1153 1952 1212; baseline -0.002 -13"><span class='ocrx_word' id='word_1_86' title='bbox 398 1157 553 1200; x_wconf 86' lang='lat' dir='ltr'>cedunt</span> <span class='ocrx_word' id='word_1_87' title='bbox 575 1162 742 1212; x_wconf 87' lang='lat' dir='ltr'>praeter</span> <span class='ocrx_word' id='word_1_88' title='bbox 764 1156 1014 1197; x_wconf 88' lang='lat' dir='ltr'>infinitivum</span> <span class='ocrx_word' id='word_1_89' title='bbox 1047 1169 1140 1197; x_wconf 89' lang='lat' dir='ltr'>cum</span> <span class='ocrx_word' id='word_1_90' title='bbox 1174 1155 1286 1197; x_wconf 83' lang='grc' dir='ltr'>ὥστε</span> <span class='ocrx_word' id='word_1_91' title='bbox 1319 1155 1588 1197; x_wconf 88' lang='lat' dir='ltr'>coniunctum</span> <span class='ocrx_word' id='word_1_92' title='bbox 1620 1155 1726 1196; x_wconf 82' lang='lat' dir='ltr'>alias</span> <span class='ocrx_word' id='word_1_93' title='bbox 1758 1153 1952 1196; x_wconf 88' lang='lat' dir='ltr'>coniunc-</span> 
     </span>
     <span class='ocr_line' id='line_1_13' title="bbox 398 1224 1953 1282; baseline -0.002 -12"><span class='ocrx_word' id='word_1_94' title='bbox 398 1230 533 1270; x_wconf 83' lang='lat' dir='ltr'>tiones</span> <span class='ocrx_word' id='word_1_95' title='bbox 572 1228 778 1282; x_wconf 90' lang='lat' dir='ltr'>usurpari,</span> <span class='ocrx_word' id='word_1_96' title='bbox 828 1240 937 1281; x_wconf 87' lang='lat' dir='ltr'>quae</span> <span class='ocrx_word' id='word_1_97' title='bbox 976 1227 1130 1268; x_wconf 87' lang='lat' dir='ltr'>clarius</span> <span class='ocrx_word' id='word_1_98' title='bbox 1169 1226 1253 1268; x_wconf 90' lang='lat' dir='ltr'>vim</span> <span class='ocrx_word' id='word_1_99' title='bbox 1293 1226 1458 1268; x_wconf 89' lang='lat' dir='ltr'>finalem</span> <span class='ocrx_word' id='word_1_100' title='bbox 1492 1239 1594 1281; x_wconf 88' lang='lat' dir='ltr'>prae</span> <span class='ocrx_word' id='word_1_101' title='bbox 1626 1239 1671 1267; x_wconf 88' lang='lat' dir='ltr'>se</span> <span class='ocrx_word' id='word_1_102' title='bbox 1703 1225 1843 1268; x_wconf 84' lang='lat' dir='ltr'>ferunt</span> <span class='ocrx_word' id='word_1_103' title='bbox 1881 1224 1953 1277; x_wconf 87' lang='lat' dir='ltr'>(cf.</span> 
     </span>
     <span class='ocr_line' id='line_1_14' title="bbox 399 1295 1955 1353; baseline -0.002 -12"><span class='ocrx_word' id='word_1_104' title='bbox 399 1300 580 1353; x_wconf 77' lang='lat' dir='ltr'>Kriiger,</span> <span class='ocrx_word' id='word_1_105' title='bbox 630 1299 655 1340; x_wconf 95' lang='grc'>1.</span> <span class='ocrx_word' id='word_1_106' title='bbox 691 1312 726 1340; x_wconf 85' lang='lat' dir='ltr'>c.</span> <span class='ocrx_word' id='word_1_107' title='bbox 760 1299 800 1339; x_wconf 74' lang='lat'><strong>3</strong></span> <span class='ocrx_word' id='word_1_108' title='bbox 834 1299 956 1339; x_wconf 74' lang='lat' dir='ltr'>Anni.</span> <span class='ocrx_word' id='word_1_109' title='bbox 994 1299 1031 1338; x_wconf 87' lang='lat'>1.</span> <span class='ocrx_word' id='word_1_110' title='bbox 1095 1297 1375 1352; x_wconf 72' lang='lat' dir='ltr'>Demgemass</span> <span class='ocrx_word' id='word_1_111' title='bbox 1414 1296 1527 1339; x_wconf 89' lang='lat' dir='ltr'>steht</span> <span class='ocrx_word' id='word_1_112' title='bbox 1566 1309 1611 1338; x_wconf 90' lang='lat' dir='ltr'>es</span> <span class='ocrx_word' id='word_1_113' title='bbox 1642 1309 1719 1338; x_wconf 91' lang='lat' dir='ltr'>nur</span> <span class='ocrx_word' id='word_1_114' title='bbox 1749 1296 1826 1338; x_wconf 88' lang='lat' dir='ltr'>mit</span> <span class='ocrx_word' id='word_1_115' title='bbox 1857 1295 1955 1339; x_wconf 88' lang='lat' dir='ltr'>dem</span> 
     </span>
     <span class='ocr_line' id='line_1_15' title="bbox 398 1367 1953 1424; baseline -0.001 -13"><span class='ocrx_word' id='word_1_116' title='bbox 398 1370 598 1424; x_wconf 85' lang='lat' dir='ltr'>Infinitiv,</span> <span class='ocrx_word' id='word_1_117' title='bbox 646 1383 768 1411; x_wconf 86' lang='lat' dir='ltr'>wenn</span> <span class='ocrx_word' id='word_1_118' title='bbox 809 1382 854 1410; x_wconf 88' lang='lat' dir='ltr'>es</span> <span class='ocrx_word' id='word_1_119' title='bbox 893 1372 1026 1410; x_wconf 87' lang='lat' dir='ltr'>etwas</span> <span class='ocrx_word' id='word_1_120' title='bbox 1064 1382 1115 1410; x_wconf 84' lang='lat' dir='ltr'>zu</span> <span class='ocrx_word' id='word_1_121' title='bbox 1153 1368 1460 1411; x_wconf 86' lang='lat' dir='ltr'>Erstrebendes</span> <span class='ocrx_word' id='word_1_122' title='bbox 1499 1367 1698 1423; x_wconf 80' lang='lat' dir='ltr'>einfiihrt,</span> <span class='ocrx_word' id='word_1_123' title='bbox 1745 1380 1953 1423; x_wconf 83' lang='lat' dir='ltr'>synonym</span> 
     </span>
     <span class='ocr_line' id='line_1_16' title="bbox 398 1437 1955 1494; baseline -0.001 -12"><span class='ocrx_word' id='word_1_124' title='bbox 398 1442 474 1483; x_wconf 88' lang='lat' dir='ltr'>mit</span> <span class='ocrx_word' id='word_1_125' title='bbox 507 1441 658 1494; x_wconf 87' lang='grc' dir='ltr'>ὅπως).</span> <span class='ocrx_word' id='word_1_126' title='bbox 721 1441 871 1494; x_wconf 91' lang='lat' dir='ltr'>Neque</span> <span class='ocrx_word' id='word_1_127' title='bbox 902 1444 1044 1481; x_wconf 85' lang='lat' dir='ltr'>tamen</span> <span class='ocrx_word' id='word_1_128' title='bbox 1076 1439 1161 1480; x_wconf 89' lang='lat' dir='ltr'>ulla</span> <span class='ocrx_word' id='word_1_129' title='bbox 1194 1444 1257 1481; x_wconf 88' lang='lat' dir='ltr'>est</span> <span class='ocrx_word' id='word_1_130' title='bbox 1290 1452 1431 1493; x_wconf 87' lang='lat' dir='ltr'>causa,</span> <span class='ocrx_word' id='word_1_131' title='bbox 1465 1452 1538 1481; x_wconf 90' lang='lat' dir='ltr'>cur</span> <span class='ocrx_word' id='word_1_132' title='bbox 1569 1439 1612 1480; x_wconf 93' lang='lat' dir='ltr'>in</span> <span class='ocrx_word' id='word_1_133' title='bbox 1644 1439 1756 1480; x_wconf 89' lang='grc' dir='ltr'>ὥστε</span> <span class='ocrx_word' id='word_1_134' title='bbox 1787 1438 1841 1480; x_wconf 89' lang='lat' dir='ltr'>ab</span> <span class='ocrx_word' id='word_1_135' title='bbox 1874 1437 1955 1480; x_wconf 87' lang='lat' dir='ltr'>ori-</span> 
     </span>
     <span class='ocr_line' id='line_1_17' title="bbox 398 1510 1953 1566; baseline -0.002 -12"><span class='ocrx_word' id='word_1_136' title='bbox 398 1513 497 1566; x_wconf 78' lang='lat' dir='ltr'>gine</span> <span class='ocrx_word' id='word_1_137' title='bbox 530 1512 842 1554; x_wconf 80' lang='lat' dir='ltr'>consecutivam</span> <span class='ocrx_word' id='word_1_138' title='bbox 876 1510 1005 1552; x_wconf 90' lang='lat' dir='ltr'>fuisse</span> <span class='ocrx_word' id='word_1_139' title='bbox 1038 1511 1120 1552; x_wconf 92' lang='lat' dir='ltr'>vim</span> <span class='ocrx_word' id='word_1_140' title='bbox 1155 1524 1413 1564; x_wconf 81' lang='lat' dir='ltr'>censeamus,</span> <span class='ocrx_word' id='word_1_141' title='bbox 1461 1510 1666 1552; x_wconf 89' lang='lat' dir='ltr'>infinitivo</span> <span class='ocrx_word' id='word_1_142' title='bbox 1699 1514 1840 1552; x_wconf 84' lang='lat' dir='ltr'>autem</span> <span class='ocrx_word' id='word_1_143' title='bbox 1871 1522 1953 1551; x_wconf 90' lang='lat' dir='ltr'>non</span> 
     </span>
     <span class='ocr_line' id='line_1_18' title="bbox 398 1580 1859 1636; baseline -0.003 -10"><span class='ocrx_word' id='word_1_144' title='bbox 398 1584 531 1626; x_wconf 86' lang='lat' dir='ltr'>solum</span> <span class='ocrx_word' id='word_1_145' title='bbox 566 1583 892 1636; x_wconf 78' lang='lat' dir='ltr'>consecutivam,</span> <span class='ocrx_word' id='word_1_146' title='bbox 926 1580 1001 1624; x_wconf 87' lang='lat' dir='ltr'>sed</span> <span class='ocrx_word' id='word_1_147' title='bbox 1034 1582 1161 1623; x_wconf 85' lang='lat' dir='ltr'>etiam</span> <span class='ocrx_word' id='word_1_148' title='bbox 1195 1582 1361 1623; x_wconf 86' lang='lat' dir='ltr'>finalem</span> <span class='ocrx_word' id='word_1_149' title='bbox 1395 1582 1479 1623; x_wconf 91' lang='lat' dir='ltr'>vim</span> <span class='ocrx_word' id='word_1_150' title='bbox 1511 1582 1648 1623; x_wconf 86' lang='lat' dir='ltr'>inesse</span> <span class='ocrx_word' id='word_1_151' title='bbox 1681 1584 1859 1622; x_wconf 84' lang='lat' dir='ltr'>constat.</span> 
     </span>
    </p>
   </div>
   <div class='ocr_carea' id='block_1_3' title="bbox 369 2007 1954 3056">
    <p class='ocr_par' dir='ltr' id='par_1_4' title="bbox 398 2007 1954 2490">
     <span class='ocr_line' id='line_1_19' title="bbox 541 2007 1954 2063; baseline -0.003 -10"><span class='ocrx_word' id='word_1_152' title='bbox 541 2011 598 2054; x_wconf 93' lang='lat' dir='ltr'>Ut</span> <span class='ocrx_word' id='word_1_153' title='bbox 630 2011 714 2052; x_wconf 88' lang='lat' dir='ltr'>iam</span> <span class='ocrx_word' id='word_1_154' title='bbox 747 2009 800 2052; x_wconf 85' lang='lat' dir='ltr'>ad</span> <span class='ocrx_word' id='word_1_155' title='bbox 834 2010 1151 2052; x_wconf 86' lang='lat' dir='ltr'>consecutivum</span> <span class='ocrx_word' id='word_1_156' title='bbox 1172 2022 1292 2051; x_wconf 85' lang='lat' dir='ltr'>usum</span> <span class='ocrx_word' id='word_1_157' title='bbox 1315 2013 1539 2063; x_wconf 82' lang='lat' dir='ltr'>transeam,</span> <span class='ocrx_word' id='word_1_158' title='bbox 1572 2007 1801 2051; x_wconf 86' lang='lat' dir='ltr'>infinitivus</span> <span class='ocrx_word' id='word_1_159' title='bbox 1822 2020 1954 2062; x_wconf 84' lang='lat' dir='ltr'>usque</span> 
     </span>
     <span class='ocr_line' id='line_1_20' title="bbox 399 2079 1954 2137; baseline -0.001 -14"><span class='ocrx_word' id='word_1_160' title='bbox 399 2081 454 2124; x_wconf 87' lang='lat' dir='ltr'>ad</span> <span class='ocrx_word' id='word_1_161' title='bbox 488 2082 713 2137; x_wconf 83' lang='lat' dir='ltr'>Sophoclis</span> <span class='ocrx_word' id='word_1_162' title='bbox 753 2086 795 2122; x_wconf 88' lang='lat' dir='ltr'>et</span> <span class='ocrx_word' id='word_1_163' title='bbox 827 2080 1033 2122; x_wconf 87' lang='lat' dir='ltr'>Herodoti</span> <span class='ocrx_word' id='word_1_164' title='bbox 1075 2084 1258 2122; x_wconf 85' lang='lat' dir='ltr'>aetatem</span> <span class='ocrx_word' id='word_1_165' title='bbox 1299 2080 1410 2121; x_wconf 87' lang='lat' dir='ltr'>solus</span> <span class='ocrx_word' id='word_1_166' title='bbox 1450 2079 1492 2121; x_wconf 91' lang='lat' dir='ltr'>in</span> <span class='ocrx_word' id='word_1_167' title='bbox 1532 2093 1608 2121; x_wconf 92' lang='lat' dir='ltr'>usu</span> <span class='ocrx_word' id='word_1_168' title='bbox 1648 2082 1752 2122; x_wconf 87' lang='lat' dir='ltr'>erat.</span> <span class='ocrx_word' id='word_1_169' title='bbox 1814 2079 1954 2134; x_wconf 90' lang='lat' dir='ltr'>Atque</span> 
     </span>
     <span class='ocr_line' id='line_1_21' title="bbox 400 2149 1953 2207; baseline -0.002 -12"><span class='ocrx_word' id='word_1_170' title='bbox 400 2153 542 2207; x_wconf 86' lang='lat' dir='ltr'>etiam,</span> <span class='ocrx_word' id='word_1_171' title='bbox 591 2157 815 2207; x_wconf 86' lang='lat' dir='ltr'>postquam</span> <span class='ocrx_word' id='word_1_172' title='bbox 854 2151 969 2194; x_wconf 88' lang='lat' dir='ltr'>modi</span> <span class='ocrx_word' id='word_1_173' title='bbox 1008 2151 1114 2192; x_wconf 88' lang='lat' dir='ltr'>finiti</span> <span class='ocrx_word' id='word_1_174' title='bbox 1155 2151 1197 2192; x_wconf 93' lang='lat' dir='ltr'>in</span> <span class='ocrx_word' id='word_1_175' title='bbox 1242 2164 1362 2192; x_wconf 89' lang='lat' dir='ltr'>usum</span> <span class='ocrx_word' id='word_1_176' title='bbox 1406 2150 1547 2192; x_wconf 87' lang='lat' dir='ltr'>vocati</span> <span class='ocrx_word' id='word_1_177' title='bbox 1591 2154 1700 2204; x_wconf 89' lang='lat' dir='ltr'>sunt,</span> <span class='ocrx_word' id='word_1_178' title='bbox 1748 2149 1953 2192; x_wconf 86' lang='lat' dir='ltr'>infinitivo</span> 
     </span>
     <span class='ocr_line' id='line_1_22' title="bbox 398 2221 1953 2277; baseline -0.001 -12"><span class='ocrx_word' id='word_1_179' title='bbox 398 2224 528 2269; x_wconf 88' lang='lat' dir='ltr'>multo</span> <span class='ocrx_word' id='word_1_180' title='bbox 562 2224 695 2265; x_wconf 85' lang='lat' dir='ltr'>maior</span> <span class='ocrx_word' id='word_1_181' title='bbox 727 2223 991 2265; x_wconf 88' lang='lat' dir='ltr'>tribuebatur</span> <span class='ocrx_word' id='word_1_182' title='bbox 1022 2222 1254 2277; x_wconf 88' lang='lat' dir='ltr'>provincia,</span> <span class='ocrx_word' id='word_1_183' title='bbox 1303 2235 1428 2275; x_wconf 86' lang='lat' dir='ltr'>quam</span> <span class='ocrx_word' id='word_1_184' title='bbox 1467 2221 1604 2263; x_wconf 84' lang='lat' dir='ltr'>modis</span> <span class='ocrx_word' id='word_1_185' title='bbox 1641 2221 1780 2263; x_wconf 87' lang='lat' dir='ltr'>finitis.</span> <span class='ocrx_word' id='word_1_186' title='bbox 1842 2221 1953 2265; x_wconf 88' lang='lat' dir='ltr'>Nam</span> 
     </span>
     <span class='ocr_line' id='line_1_23' title="bbox 398 2292 1953 2351; baseline -0.002 -14"><span class='ocrx_word' id='word_1_187' title='bbox 398 2296 576 2351; x_wconf 86' lang='lat' dir='ltr'>primum</span> <span class='ocrx_word' id='word_1_188' title='bbox 610 2294 779 2348; x_wconf 86' lang='lat' dir='ltr'>quidem</span> <span class='ocrx_word' id='word_1_189' title='bbox 812 2293 1041 2335; x_wconf 88' lang='lat' dir='ltr'>infinitivus</span> <span class='ocrx_word' id='word_1_190' title='bbox 1079 2293 1191 2335; x_wconf 83' lang='lat' dir='ltr'>solus</span> <span class='ocrx_word' id='word_1_191' title='bbox 1231 2297 1356 2347; x_wconf 88' lang='lat' dir='ltr'>aptus</span> <span class='ocrx_word' id='word_1_192' title='bbox 1395 2292 1652 2346; x_wconf 89' lang='lat' dir='ltr'>remanebat,</span> <span class='ocrx_word' id='word_1_193' title='bbox 1702 2292 1772 2346; x_wconf 92' lang='lat' dir='ltr'>qui</span> <span class='ocrx_word' id='word_1_194' title='bbox 1813 2305 1953 2334; x_wconf 85' lang='lat' dir='ltr'>conse-</span> 
     </span>
     <span class='ocr_line' id='line_1_24' title="bbox 398 2363 1953 2418; baseline -0.001 -11"><span class='ocrx_word' id='word_1_195' title='bbox 398 2366 610 2407; x_wconf 86' lang='lat' dir='ltr'>cutionem</span> <span class='ocrx_word' id='word_1_196' title='bbox 651 2364 902 2418; x_wconf 82' lang='lat' dir='ltr'>adiungeret</span> <span class='ocrx_word' id='word_1_197' title='bbox 941 2364 1188 2417; x_wconf 83' lang='lat' dir='ltr'>sententiae,</span> <span class='ocrx_word' id='word_1_198' title='bbox 1237 2377 1346 2417; x_wconf 90' lang='lat' dir='ltr'>quae</span> <span class='ocrx_word' id='word_1_199' title='bbox 1382 2377 1464 2404; x_wconf 92' lang='grc'><strong>11011</strong></span> <span class='ocrx_word' id='word_1_200' title='bbox 1503 2367 1566 2405; x_wconf 86' lang='lat' dir='ltr'>est</span> <span class='ocrx_word' id='word_1_201' title='bbox 1598 2363 1662 2405; x_wconf 91' lang='lat' dir='ltr'>sui</span> <span class='ocrx_word' id='word_1_202' title='bbox 1693 2363 1808 2406; x_wconf 85' lang='lat' dir='ltr'>iuris.</span> <span class='ocrx_word' id='word_1_203' title='bbox 1871 2363 1953 2408; x_wconf 87' lang='lat' dir='ltr'>Nc-</span> 
     </span>
     <span class='ocr_line' id='line_1_25' title="bbox 398 2434 1263 2490; baseline -0.003 -11"><span class='ocrx_word' id='word_1_204' title='bbox 398 2450 515 2479; x_wconf 86' lang='lat' dir='ltr'>cesse</span> <span class='ocrx_word' id='word_1_205' title='bbox 548 2441 612 2478; x_wconf 88' lang='lat' dir='ltr'>est</span> <span class='ocrx_word' id='word_1_206' title='bbox 644 2436 773 2490; x_wconf 84' lang='lat' dir='ltr'>igitur</span> <span class='ocrx_word' id='word_1_207' title='bbox 804 2439 984 2490; x_wconf 89' lang='lat' dir='ltr'>ponatur</span> <span class='ocrx_word' id='word_1_208' title='bbox 1016 2434 1263 2476; x_wconf 83' lang='lat' dir='ltr'>infinitivus:</span> 
     </span>
    </p>

    <p class='ocr_par' dir='ltr' id='par_1_5' title="bbox 397 2506 1953 2776">
     <span class='ocr_line' id='line_1_26' title="bbox 544 2506 1953 2562; baseline -0.001 -13"><span class='ocrx_word' id='word_1_209' title='bbox 544 2510 580 2549; x_wconf 89' lang='lat'>1.</span> <span class='ocrx_word' id='word_1_210' title='bbox 629 2512 725 2562; x_wconf 86' lang='lat' dir='ltr'>post</span> <span class='ocrx_word' id='word_1_211' title='bbox 757 2507 1008 2549; x_wconf 86' lang='lat' dir='ltr'>sententiam</span> <span class='ocrx_word' id='word_1_212' title='bbox 1043 2506 1398 2548; x_wconf 87' lang='lat' dir='ltr'>condicionalem:</span> <span class='ocrx_word' id='word_1_213' title='bbox 1449 2506 1485 2548; x_wconf 81' lang='grc' dir='ltr'>εἴ</span> <span class='ocrx_word' id='word_1_214' title='bbox 1515 2519 1578 2557; x_wconf 87' lang='grc' dir='ltr'>τις</span> <span class='ocrx_word' id='word_1_215' title='bbox 1610 2506 1712 2557; x_wconf 87' lang='grc' dir='ltr'>τοὺς</span> <span class='ocrx_word' id='word_1_216' title='bbox 1744 2506 1794 2547; x_wconf 81' lang='grc' dir='ltr'>σὲ</span> <span class='ocrx_word' id='word_1_217' title='bbox 1833 2509 1953 2557; x_wconf 88' lang='grc' dir='ltr'>θερα-</span> 
     </span>
     <span class='ocr_line' id='line_1_27' title="bbox 397 2576 1953 2630; baseline -0.001 -9"><span class='ocrx_word' id='word_1_218' title='bbox 397 2580 609 2630; x_wconf 87' lang='grc' dir='ltr'>πεύοντας</span> <span class='ocrx_word' id='word_1_219' title='bbox 643 2578 756 2620; x_wconf 88' lang='grc' dir='ltr'>οὕτω</span> <span class='ocrx_word' id='word_1_220' title='bbox 790 2579 987 2628; x_wconf 82' lang='grc' dir='ltr'>διατιθείη</span> <span class='ocrx_word' id='word_1_221' title='bbox 1022 2576 1124 2619; x_wconf 77' lang='grc' dir='ltr'>ὥστ’</span> <span class='ocrx_word' id='word_1_222' title='bbox 1158 2578 1320 2619; x_wconf 78' lang='grc' dir='ltr'>ἐκείνου</span> <span class='ocrx_word' id='word_1_223' title='bbox 1354 2580 1515 2629; x_wconf 87' lang='grc' dir='ltr'>μᾶλλον</span> <span class='ocrx_word' id='word_1_224' title='bbox 1547 2578 1572 2628; x_wconf 89' lang='grc' dir='ltr'>ἢ</span> <span class='ocrx_word' id='word_1_225' title='bbox 1605 2580 1687 2619; x_wconf 84' lang='grc' dir='ltr'>σοῦ</span> <span class='ocrx_word' id='word_1_226' title='bbox 1727 2577 1953 2630; x_wconf 86' lang='grc' dir='ltr'>βούλεσθαι</span> 
     </span>
     <span class='ocr_line' id='line_1_28' title="bbox 398 2648 1953 2704; baseline -0.001 -12"><span class='ocrx_word' id='word_1_227' title='bbox 398 2650 516 2700; x_wconf 76' lang='grc' dir='ltr'>εἶναι,</span> <span class='ocrx_word' id='word_1_228' title='bbox 565 2648 630 2702; x_wconf 70' lang='grc' dir='ltr'>ἆρ’</span> <span class='ocrx_word' id='word_1_229' title='bbox 665 2651 718 2691; x_wconf 82' lang='grc' dir='ltr'>ἂν</span> <span class='ocrx_word' id='word_1_230' title='bbox 750 2650 842 2692; x_wconf 86' lang='grc' dir='ltr'>ἀντὶ</span> <span class='ocrx_word' id='word_1_231' title='bbox 874 2650 1029 2700; x_wconf 86' lang='grc' dir='ltr'>ταύτης</span> <span class='ocrx_word' id='word_1_232' title='bbox 1063 2653 1137 2701; x_wconf 86' lang='grc' dir='ltr'>τῆς</span> <span class='ocrx_word' id='word_1_233' title='bbox 1178 2650 1423 2700; x_wconf 83' lang='grc' dir='ltr'>εὐεργεσίας</span> <span class='ocrx_word' id='word_1_234' title='bbox 1464 2649 1586 2700; x_wconf 88' lang='grc' dir='ltr'>χάριν</span> <span class='ocrx_word' id='word_1_235' title='bbox 1627 2649 1742 2704; x_wconf 85' lang='grc' dir='ltr'>αὐτῷ</span> <span class='ocrx_word' id='word_1_236' title='bbox 1781 2648 1953 2700; x_wconf 79' lang='grc' dir='ltr'>εἰδείης;</span> 
     </span>
     <span class='ocr_line' id='line_1_29' title="bbox 400 2722 878 2776; baseline 0 -13"><span class='ocrx_word' id='word_1_237' title='bbox 400 2723 508 2763; x_wconf 88' lang='lat' dir='ltr'>Xen.</span> <span class='ocrx_word' id='word_1_238' title='bbox 543 2722 640 2776; x_wconf 85' lang='lat' dir='ltr'>Cyr.</span> <span class='ocrx_word' id='word_1_239' title='bbox 675 2722 711 2763; x_wconf 94' lang='lat' dir='ltr'><strong>V</strong></span> <span class='ocrx_word' id='word_1_240' title='bbox 744 2722 784 2775; x_wconf 81' lang='lat'>5,</span> <span class='ocrx_word' id='word_1_241' title='bbox 808 2723 878 2763; x_wconf 83' lang='grc'>29.</span> 
     </span>
    </p>

    <p class='ocr_par' dir='ltr' id='par_1_6' title="bbox 539 2791 1491 2847">
     <span class='ocr_line' id='line_1_30' title="bbox 539 2791 1491 2847; baseline -0.001 -13"><span class='ocrx_word' id='word_1_242' title='bbox 539 2794 580 2834; x_wconf 91' lang='grc'>2.</span> <span class='ocrx_word' id='word_1_243' title='bbox 627 2797 724 2847; x_wconf 86' lang='lat' dir='ltr'>post</span> <span class='ocrx_word' id='word_1_244' title='bbox 755 2793 1019 2846; x_wconf 88' lang='lat' dir='ltr'>sententiam,</span> <span class='ocrx_word' id='word_1_245' title='bbox 1054 2806 1162 2846; x_wconf 89' lang='lat' dir='ltr'>quae</span> <span class='ocrx_word' id='word_1_246' title='bbox 1194 2793 1286 2847; x_wconf 89' lang='lat' dir='ltr'>ipsa</span> <span class='ocrx_word' id='word_1_247' title='bbox 1317 2791 1491 2847; x_wconf 89' lang='lat' dir='ltr'>pendet:</span> 
     </span>
    </p>

    <p class='ocr_par' dir='ltr' id='par_1_7' title="bbox 369 2861 1952 3056">
     <span class='ocr_line' id='line_1_31' title="bbox 541 2861 1952 2918; baseline -0.001 -14"><span class='ocrx_word' id='word_1_248' title='bbox 541 2866 583 2916; x_wconf 79' lang='lat' dir='ltr'>ot)</span> <span class='ocrx_word' id='word_1_249' title='bbox 632 2863 675 2904; x_wconf 92' lang='grc'>111</span> <span class='ocrx_word' id='word_1_250' title='bbox 707 2863 911 2905; x_wconf 86' lang='lat' dir='ltr'>infinitivo</span> <span class='ocrx_word' id='word_1_251' title='bbox 945 2864 1082 2918; x_wconf 88' lang='lat' dir='ltr'>posita</span> <span class='ocrx_word' id='word_1_252' title='bbox 1115 2877 1140 2904; x_wconf 89' lang='lat' dir='ltr'>a</span> <span class='ocrx_word' id='word_1_253' title='bbox 1171 2863 1312 2905; x_wconf 87' lang='lat' dir='ltr'>verbis</span> <span class='ocrx_word' id='word_1_254' title='bbox 1344 2861 1589 2904; x_wconf 85' lang='lat' dir='ltr'>declarandi</span> <span class='ocrx_word' id='word_1_255' title='bbox 1621 2861 1733 2904; x_wconf 83' lang='lat' dir='ltr'>sim.:</span> <span class='ocrx_word' id='word_1_256' title='bbox 1782 2862 1952 2914; x_wconf 84' lang='grc' dir='ltr'>ἔφασαν</span> 
     </span>
     <span class='ocr_line' id='line_1_32' title="bbox 369 2931 1951 2985; baseline -0.001 -9"><span class='ocrx_word' id='word_1_257' title='bbox 369 2933 371 2935; x_wconf 70' lang='grc'><strong>’</strong></span> <span class='ocrx_word' id='word_1_258' title='bbox 397 2936 499 2985; x_wconf 85' lang='grc' dir='ltr'>τοὺς</span> <span class='ocrx_word' id='word_1_259' title='bbox 532 2934 795 2985; x_wconf 86' lang='grc' dir='ltr'>στρατιώτας</span> <span class='ocrx_word' id='word_1_260' title='bbox 828 2934 888 2984; x_wconf 83' lang='grc' dir='ltr'>εἰς</span> <span class='ocrx_word' id='word_1_261' title='bbox 921 2937 1048 2975; x_wconf 83' lang='grc' dir='ltr'>τοῦτο</span> <span class='ocrx_word' id='word_1_262' title='bbox 1080 2937 1245 2985; x_wconf 68' lang='grc' dir='ltr'>τρυφῆς</span> <span class='ocrx_word' id='word_1_263' title='bbox 1278 2934 1417 2976; x_wconf 80' lang='grc' dir='ltr'>ἐλθεῖν</span> <span class='ocrx_word' id='word_1_264' title='bbox 1451 2931 1553 2974; x_wconf 86' lang='grc' dir='ltr'>ὥστ’</span> <span class='ocrx_word' id='word_1_265' title='bbox 1588 2933 1666 2974; x_wconf 85' lang='grc' dir='ltr'>οὐκ</span> <span class='ocrx_word' id='word_1_266' title='bbox 1696 2933 1856 2975; x_wconf 79' lang='grc' dir='ltr'>ἐθέλειν</span> <span class='ocrx_word' id='word_1_267' title='bbox 1887 2933 1951 2974; x_wconf 85' lang='grc' dir='ltr'>πί-</span> 
     </span>
     <span class='ocr_line' id='line_1_33' title="bbox 399 3004 1526 3056; baseline -0.002 -9"><span class='ocrx_word' id='word_1_268' title='bbox 399 3020 496 3055; x_wconf 84' lang='grc' dir='ltr'>νειν,</span> <span class='ocrx_word' id='word_1_269' title='bbox 530 3006 563 3046; x_wconf 90' lang='grc' dir='ltr'>εἰ</span> <span class='ocrx_word' id='word_1_270' title='bbox 596 3007 648 3056; x_wconf 87' lang='grc' dir='ltr'>μή</span> <span class='ocrx_word' id='word_1_271' title='bbox 682 3005 918 3056; x_wconf 88' lang='grc' dir='ltr'>ἀνθοσμίας</span> <span class='ocrx_word' id='word_1_272' title='bbox 951 3005 1012 3056; x_wconf 77' lang='grc' dir='ltr'>εἰἠ</span> <span class='ocrx_word' id='word_1_273' title='bbox 1047 3005 1156 3046; x_wconf 90' lang='lat' dir='ltr'>Xen.</span> <span class='ocrx_word' id='word_1_274' title='bbox 1190 3005 1298 3045; x_wconf 85' lang='lat' dir='ltr'>Hell.</span> <span class='ocrx_word' id='word_1_275' title='bbox 1333 3004 1391 3045; x_wconf 87' lang='lat' dir='ltr'>VI</span> <span class='ocrx_word' id='word_1_276' title='bbox 1421 3005 1461 3056; x_wconf 86' lang='grc'>2,</span> <span class='ocrx_word' id='word_1_277' title='bbox 1485 3005 1526 3046; x_wconf 80' lang='grc'>6.</span> 
     </span>
    </p>
   </div>
  </div>
 </body>
</html>
