2034 3458
1028 362 1068 365 ——
1109 341 1155 376 52
1194 351 1246 366 -”

498 462 542 514 4)
579 461 857 516 appositionis
889 461 981 503 loeo
1016 461 1177 516 positus
1209 460 1437 502 infinitivus
1477 460 1604 503 etiam
1638 461 1790 504 omissa
1821 474 1915 518 par—

356 533 486 575 tieula
519 533 631 574 ὥστε
664 546 783 574 suum
815 533 953 574 loeum
986 535 1113 574 tenet.

502 604 589 646 Sed
620 603 851 646 infinitivus
884 604 1010 646 etiam
1044 604 1133 659 ipse
1166 617 1243 659 per
1274 617 1319 646 se
1351 607 1475 659 aptus
1507 608 1610 658 erat,
1645 605 1825 658 quirem
1846 617 1918 648 ex-

359 676 558 731 primeret

502 747 543 799 1)
592 759 701 799 quae
742 747 941 799 consequi
982 750 1125 801 posset
1164 747 1231 788 vel
1270 747 1495 801 potuisset:
1544 749 1676 788 ταῦτα
1714 747 1795 804 γὰρ
1839 747 1916 800 (se.

360 818 673 872 Thermopylae
696 821 737 858 et
760 817 1047 869 Artemisium)
1081 818 1214 869 ἀγχοῦ
1248 832 1291 859 τε
1325 817 1524 868 ἀλλήλων
1557 818 1647 860 ἐστὶ
1680 819 1793 861 ὥστε
1814 831 1917 861 πυν-

362 889 566 930 θάνεσθαι
605 889 656 929 τὰ
696 889 801 930 κατὰ
849 889 1076 940 ἑκατέρους
1117 890 1244 930 ἐόντα
1283 889 1383 930 Her.
1417 889 1499 930 VII
1534 889 1631 931 175.
1698 889 1919 942 ἐτειχίζετο

362 960 440 1001 οὖν
473 959 585 1001 οὕτω
619 960 694 1002 ξὺν
725 963 785 1015 τῷ
817 960 1029 1011 πρότερον
1061 961 1170 1011 πρὸς
1202 961 1379 1011 ἤπειρον
1408 961 1640 1012 ὑπάρχοντι
1662 961 1787 1012 τείχει
1806 961 1920 1003 ὥστε

332 1031 655 1089 >καθεζομένων
703 1031 747 1081 ἐς
796 1031 900 1072 αὐτὸ
948 1031 1189 1082 ἀνθρώπων
1236 1028 1394 1081 ὀλίγων
1442 1031 1587 1083 ἄρχειν
1634 1034 1710 1073 τοῦ
1755 1031 1920 1075 ἔσπλου

362 1102 496 1143 Thue.
531 1102 635 1142 VIII
669 1102 739 1155 90,
763 1102 804 1143 4.
874 1103 1061 1153 κραυγὴν
1109 1103 1273 1153 πολλὴν
1321 1102 1498 1144 ἐποίουν
1546 1103 1658 1144 ὥστε
1705 1103 1773 1145 καὶ
1818 1103 1920 1155 τοὺς

361 1174 591 1224 πολεμίους
626 1172 795 1214 ἀκούειν
829 1173 938 1214 Xen.
972 1172 1108 1214 Anab.
1143 1173 1185 1214 ΙΙ
1218 1173 1258 1226 2,
1285 1173 1351 1214 17.

504 1246 548 1296 2)
597 1257 706 1297 quae
744 1257 893 1285 revera.
933 1247 1262 1297 consequeretur
1299 1244 1365 1285 vel
1405 1249 1632 1286 consecuta
1669 1247 1798 1287 esset:
1846 1245 1922 1287 τὸν

335 1336 337 1338 ·
364 1317 414 1366 δὴ
450 1315 717 1366 περιάγουσα
750 1314 834 1365 ἅμα
866 1317 978 1356 τοῖσι
1011 1315 1207 1369 Πέρσῃσι
1246 1315 1336 1366 ἥλω
1374 1318 1478 1366 νηῦς
1510 1316 1535 1366 ἡ
1570 1316 1764 1366 Σιδωνίη,
1811 1314 1924 1358 ὥστε

362 1387 537 1436 Πυθέην
570 1385 684 1427 οὕτω
717 1389 909 1436 σωθῆναι
942 1386 985 1436 ἐς
1010 1386 1185 1435 Αἴγιναν
1218 1386 1318 1427 Her.
1337 1386 1443 1428 VIII
1460 1386 1530 1428 92.
1593 1389 1679 1428 τῶν
1695 1387 1925 1429 Πλαταιῶν

363 1472 426 1508 τις
459 1458 534 1508 τὰς
568 1457 707 1508 πύλας
741 1457 894 1511 ἔκλῃσε
927 1458 1039 1499 ὥστε
1073 1458 1176 1508 μηδὲ
1209 1457 1339 1512 ταύτῃ
1374 1457 1432 1499 ἔτι
1466 1457 1756 1500 ἔξοδονεῖναι
1788 1457 1924 1501 Thue.

364 1529 469 1581 114,
494 1530 534 1569 3.
599 1528 756 1579 Ἀχαιοὶ
789 1529 890 1579 τοὺς
923 1529 1122 1579 ἐποίκους
1156 1528 1419 1580 προύδοσαν,
1453 1530 1565 1570 ὥστε
1595 1528 1831 1571 ἀπολέσθαι
1852 1523 1925 1571 αὐ-

363 1602 450 1641 τῶν
484 1601 591 1651 πρὸς
626 1600 909 1650 ἑπτακοσίους
942 1599 1052 1641 Xen.
1085 1599 1195 1641 Hell.
1229 1600 1250 1640 I
1282 1601 1322 1653 2,
1349 1600 1416 1641 18.

506 1671 612 1712 Utra
652 1671 716 1712 vis
755 1670 962 1712 infinitivo
1002 1671 1170 1724 inesset,
1219 1671 1382 1713 nonnisi
1431 1671 1733 1713 sententiarum
1779 1683 1927 1714 sensus

365 1741 560 1783 docebat.
625 1741 710 1783 Sed
759 1755 842 1783 non
889 1742 1021 1783 solum
1071 1741 1305 1796 modorum,
1356 1741 1483 1783 etiam
1531 1747 1765 1797 temporum
1812 1746 1926 1785 certo

366 1812 608 1854 discrimine
642 1812 872 1854 infinitivus
905 1813 1088 1862 carebat,
1122 1813 1318 1866 quoniam
1352 1825 1403 1853 ex
1437 1812 1633 1854 infinitivi
1666 1813 1927 1868 temporibus

365 1884 479 1925 nulla
520 1884 607 1925 fele
646 1884 726 1925 nisi
767 1897 967 1938 praesens
1006 1888 1047 1925 et
1086 1885 1266 1925 aorisius
1305 1888 1508 1938 usurpata
1555 1887 1663 1926 sunt.
1741 1884 1926 1927 Perfeeti

366 1955 572 2002 infinitivi,
621 1960 666 1996 ut
699 1956 889 1996 omit-tam
923 1955 1088 2003 εἰδέναι,
1122 1958 1295 2004 κεῖσθαι,
1334 1955 1616 2004 ἀπολωλέναι,
1665 1969 1808 1998 omnes
1839 1955 1927 1998 fere

368 2026 602 2080 praesentis
635 2039 800 2068 sensum
834 2025 1012 2068 habent:
1048 2025 1161 2076 οἶμαι
1195 2027 1241 2067 δὲ
1274 2027 1339 2067 καὶ
1374 2026 1515 2075 λόγων
1537 2027 1603 2067 καὶ
1628 2026 1928 2078 βουλευμάτων
1946 2040 1953 2045 ”

369 2099 578 2139 κοινωνὸν
619 2097 672 2139 ἄν
713 2108 763 2139 σε
804 2101 1000 2138 ποιοῖντο
1041 2098 1109 2138 διὰ
1149 2098 1197 2139 τὸ
1238 2097 1464 2145 πιστεύειν,
1512 2098 1624 2139 ὥστε
1665 2098 1768 2150 μηδὲ
1800 2097 1847 2140 ἕν
1878 2107 1929 2140 σε

371 2169 590 2219 λεληθέναι
623 2168 685 2210 ὧν
721 2169 959 2220 βουλόμεθα
982 2169 1147 2210 εἰδέναι.
1180 2169 1290 2210 Xen.
1315 2168 1412 2223 Cyr.
1436 2169 1495 2209 VI
1521 2170 1558 2222 1,
1580 2169 1670 2210 40.·
1717 2169 1928 2220 Κλέαρχος
1989 2213 1991 2216 ,

369 2240 553 2290 ἤλαυνεν
586 2240 654 2281 ἐπὶ
686 2241 787 2290 τοὺς
820 2240 1040 2290 Μένωνος,
1081 2238 1182 2280 ὥστ’
1218 2239 1405 2290 ἐκείνους
1439 2239 1724 2290 ἐκπεπλῆχθαι
1756 2240 1823 2281 καὶ
1855 2239 1928 2281 αὐ-

371 2312 446 2352 τὸν
488 2311 673 2352 Μένωνα
721 2312 788 2352 καὶ
835 2311 997 2362 τρέχειν
1045 2311 1112 2352 ἐπὶ
1156 2311 1206 2351 τὰ
1247 2310 1370 2351 ὅπλα.
1417 2310 1527 2351 Xen.
1561 2310 1698 2352 Anab.
1731 2311 1751 2352 I
1783 2311 1825 2365 5,
1860 2309 1928 2352 13.

371 2382 531 2432 ἀνάγκη
566 2381 618 2432 ἦν
651 2380 703 2423 δι’
739 2381 844 2423 ὅλου
879 2384 954 2422 τοῦ
988 2381 1305 2433 στρατεύματος
1337 2382 1554 2431 γίγνεσθαι
1586 2382 1663 2432 τὴν
1695 2381 1930 2424 ἐπίστασιν.

373 2453 484 2494 ὥστε
517 2454 565 2494 τὸ
599 2453 842 2504 στράτευμα
874 2454 941 2494 καὶ
975 2453 1120 2503 αὐτοῖς
1144 2455 1234 2503 τοῖς
1257 2452 1436 2503 Ἕλλησι
1459 2452 1577 2495 δόξαι
1599 2452 1799 2503 πάμπολυ
1813 2449 1931 2495 ἐἶναι

372 2525 439 2565 καὶ
472 2525 547 2565 τὸν
578 2525 756 2574 Πέρσην
790 2524 1075 2575 ἐκπεπλῆχθαι
1107 2525 1362 2574 θεωροῦντα.
1395 2523 1504 2564 Xen.
1538 2522 1674 2565 Anab.
1708 2523 1751 2564 II
1782 2523 1826 2578 4,
1858 2523 1928 2566 26.

374 2595 614 2646 ἰχνεύεσθαι
655 2596 701 2636 δέ
741 2596 843 2645 τοὺς
885 2597 1026 2645 λαγῶς
1075 2600 1149 2647 (se.
1184 2596 1274 2646 δεῖ),
1323 2593 1427 2635 ὅταν
1468 2594 1571 2648 νίφῃ
1616 2593 1640 2635 ὁ
1679 2594 1778 2645 θεὸς
1817 2595 1930 2636 ὥστε

374 2667 609 2718 ἠφανίσθαι
641 2667 718 2717 τὴν
750 2669 839 2717 γῆν.
892 2666 1002 2707 Xen.
1037 2665 1197 2720 Cyneg.
1232 2666 1335 2719 8,1.
1413 2666 1566 2706 πολλοὶ
1597 2665 1739 2716 ἱππεῖς
1773 2666 1931 2716 μυωπί-

373 2742 519 2788 ζοντες
552 2739 619 2778 καὶ
651 2738 852 2788 παίοντες
886 2737 1195 2788 ἐκπλήττουσιν
1217 2737 1318 2787 τοὺς
1340 2737 1510 2787 ἵππους,
1543 2738 1654 2778 ὥστε
1677 2736 1930 2788 τεταράχθαι

373 2810 439 2850 καὶ
472 2809 742 2850 κινδυνεύειν.
776 2809 884 2850 Xen.
908 2808 959 2850 R.
984 2822 1077 2862 equ.
1114 2809 1182 2862 10,
1205 2808 1246 2849 2.
1308 2808 1699 2859 προκεχωρηκότων
1730 2810 1822 2859 τοῖς
1850 2807 1930 2849 Λα-

374 2880 656 2930 κεδαιμονίοις
690 2879 801 2920 ὥστε
835 2880 1050 2931 Θηβαίους
1088 2880 1165 2938 μὲν
1204 2877 1267 2920 ἐπ’
1302 2879 1477 2929 ἐκείνοις
1517 2878 1637 2928 εἶναι,
1686 2879 1930 2930 Κορινθίους

377 2953 423 2992 δέ
455 2951 741 3001 πιστοτάτους
774 2953 1039 3001 γεγενῆσθαι,
1078 2944 1292 3001 Ἀργείους
1326 2951 1372 2991 δὲ
1403 2952 1748 2999 τεταπεινῶσθαι,
1790 2948 1931 3001 ἀσφα-

380 3025 465 3072 λῶς
498 3022 522 3072 ἡ
556 3022 662 3073 ἀρχὴ
697 3022 832 3063 ἐδόκει
865 3021 1011 3072 αὐτοῖς
1045 3021 1387 3063 κατεσκευάσθαι.
1435 3021 1545 3062 Xen.
1578 3020 1688 3063 Hell.
1720 3020 1760 3062 V
1790 3019 1831 3074 3,
1854 3019 1925 3062 27.
