2034 3458
1043 320 1274 360 “960ss

378 441 504 489 didea
537 442 782 501 saepissime
822 444 1015 499 occurrit,
1056 444 1186 487 multo
1227 444 1361 487 rarius
1401 442 1619 488 infinitivis
1657 440 1769 488 ὥστε
1807 440 1936 502 parti·

380 518 474 560 cula
504 517 756 560 introductis
790 518 912 559 inest.
976 517 1025 558 In
1056 517 1195 559 locum
1227 516 1339 558 ὥστε
1371 517 1605 572 particulae
1636 521 1678 559 et
1707 517 1818 560 aliae
1840 530 1936 560 eon-

383 589 618 631 iunetiones
635 593 940 641 successerunt,
974 601 1082 641 quae
1115 588 1354 630 aeeuratius
1386 588 1471 630 vim
1503 587 1669 630 finalem
1691 587 1935 643 exhibeant,

380 664 421 701 et
453 664 548 714 post
580 674 631 702 ea
664 660 807 714 verba,
842 673 950 713 quae
983 659 1077 714 ipsa
1108 659 1358 701 infinitivum
1397 672 1544 713 regere
1582 659 1731 714 solent,
1764 672 1936 715 perraro

381 732 492 772 ὥστε
524 735 764 786 usurpatur.

525 801 643 852 Quae
677 805 846 844 exstant
878 801 1000 844 huius
1031 815 1132 844 usus
1164 801 1372 856 exempla,
1405 805 1501 843 sunt
1532 801 1656 844 haee:

522 875 564 925 a)
596 873 726 915 verba
749 871 980 914 efficiendi:
1015 872 1039 913 ὁ
1063 873 1108 913 δὲ
1131 873 1340 922 συνειδὼς
1374 872 1489 927 αὑτῷ
1519 872 1659 914 πολλὰ
1680 873 1748 914 καὶ
1768 872 1937 925 πονηρὰ

379 942 501 985 πάντ’
536 944 668 984 ἐποίει
700 944 812 984 ὥστε
845 943 1141 994 ἀπαλλαγῆναι
1179 945 1254 984 τοῦ
1290 941 1553 994 Ἀρχιδήμου.
1615 943 1639 984 ὁ
1672 944 1718 985 δὲ
1749 942 1936 996 Ἀρχίδη-

381 1029 458 1065 μος
507 1015 584 1055 οὐκ
630 1014 922 1064 ἀπηλλάττετο
971 1014 1130 1055 Colum.
1171 1014 1213 1055 II
1252 1015 1292 1067 9,
1326 1014 1366 1055 6.
1429 1013 1568 1055 πάντα
1614 1015 1840 1066 ποιήσειαν
1883 1014 1936 1056 ἂν

380 1087 491 1127 ὥστε
531 1085 742 1136 σύμμαχοι
782 1086 880 1136 ἡμῖν
919 1086 1126 1135 γενέσθαι.
1174 1085 1283 1126 Hell.
1323 1086 1382 1126 VI
1419 1087 1455 1138 1,
1493 1085 1558 1126 10.
1630 1084 1702 1137 (ef.
1735 1085 1775 1127 οἱ
1805 1087 1936 1137 γονῆς

380 1158 647 1208 ἐπιμέλονται
687 1156 826 1197 πάντα
865 1159 1091 1206 ποιοῦντες
1132 1155 1251 1206 ὅπως
1291 1156 1330 1197 οἱ
1369 1159 1519 1207 παῖδες
1552 1156 1698 1207 αὐτοῖς
1730 1156 1938 1207 γένωνται

381 1228 440 1278 ὡς
481 1228 664 1268 δυνατὸν
706 1227 914 1279 βέλτιστοι
955 1226 1113 1268 (30111111.
1156 1227 1198 1268 II
1230 1228 1271 1280 2,
1305 1227 1363 1279 6.)
1434 1227 1561 1268 οὐδὲν
1592 1227 1794 1278 ἐποίησεν
1825 1227 1938 1269 ὥστε

381 1301 526 1340 λαθεῖν
558 1298 667 1339 Hell.
699 1298 735 1340 V
757 1298 798 1351 4,
822 1299 892 1339 21.
941 1301 1080 1339 ποιεῖν
1113 1298 1211 1353 Cyr.
1245 1299 1309 1339 III
1342 1299 1382 1352 2,
1406 1298 1475 1339 29.
1531 1298 1614 1339 VII
1645 1298 1686 1352 5,
1708 1298 1779 1340 47.
1826 1298 1937 1341 Hell.

381 1370 439 1411 VI
462 1370 502 1423 ἵ),
525 1370 566 1410 4.
615 1369 752 1411 Anab.
786 1369 805 1410 I
829 1369 869 1423 6,
892 1370 933 1410 2.
974 1370 1014 1423 6,
1038 1369 1079 1410 6.
1127 1369 1256 1423 Ages.
1294 1370 1330 1423 1,
1354 1369 1423 1410 37.
1472 1368 1585 1410 οὕτω
1617 1371 1755 1411 ποιεῖν
1777 1369 1876 1425 Cyr.
1899 1369 1937 1412 V

386 1444 421 1494 l,
444 1441 514 1482 21.
560 1440 888 1491 διαπράττεσθαι
922 1441 1020 1495 Cyr.
1045 1441 1126 1483 VII
1148 1441 1189 1494 4,
1213 1441 1253 1482 9.
1302 1440 1411 1482 Hell.
1435 1440 1495 1482 IV
1517 1441 1558 1494 4,
1583 1440 1622 1482 7.
1656 1440 1696 1494 8,
1719 1441 1789 1482 32.
1837 1440 1939 1494 (Ubi

381 1516 475 1567 post
509 1511 656 1553 eadem
690 1512 821 1554 verba
854 1513 966 1553 ὥστε
1005 1525 1099 1556 eum
1136 1511 1369 1554 indicativo
1410 1511 1677 1553 eouiunetum
1708 1516 1785 1566 est,
1818 1512 1934 1555 abso-

381 1584 466 1624 lute
498 1588 700 1638 usurpata
732 1587 827 1625 sunt
866 1596 1001 1637 neque
1034 1584 1257 1625 verborum
1295 1582 1518 1636 efficiendi,
1559 1582 1635 1625 sed
1666 1581 1822 1637 agendi
1851 1583 1938 1626 vim

382 1654 551 1708 habent,
585 1658 629 1695 ut
661 1654 702 1695 in
735 1654 870 1696 Anab.
895 1655 977 1695 VII
1005 1655 1046 1708 4,
1074 1656 1140 1695 12.
1188 1654 1398 1709 Exempla
1429 1658 1525 1697 sunt
1555 1654 1682 1697 haee:
1717 1653 1741 1695 ὁ
1765 1655 1811 1696 δὲ
1838 1655 1937 1706 θεὸς

383 1725 520 1775 οὕτως
551 1725 751 1776 ἐποίησεν
784 1726 896 1767 ὥστε
928 1725 1162 1777 ἀμφότεροι
1194 1726 1401 1777 τρόπαιον
1433 1726 1492 1777 ὡς
1525 1725 1788 1777 νενικηκότες
1815 1725 1938 1777 ἑστή-

382 1806 516 1838 σαντο
556 1796 664 1838 Hell.
707 1797 787 1838 VII
825 1797 865 1850 ἶ),
890 1797 959 1838 26.
1030 1797 1308 1848 διεπράξαντο
1348 1798 1460 1838 ὥστε
1493 1798 1695 1849 λαβόντες
1731 1797 1833 1848 τοὺς
1873 1811 1938 1840 νε-

381 1868 509 1919 κροὺς
542 1867 764 1908 ἀπέδοσαν
810 1869 886 1909 τὸν
932 1868 1119 1919 ἡγεμόνα
1166 1868 1303 1909 Anab.
1351 1869 1410 1910 IV
1448 1869 1488 1921 2,
1519 1868 1608 1921 23.)
1678 1870 1938 1920 καταπρᾶξαι

381 1939 490 1980 Hell.
525 1939 606 1980 VII
639 1939 679 1992 4,
708 1939 774 1980 11.
823 1939 1108 1990 συμπράττειν
1141 1939 1239 1994 Cyr.
1274 1940 1338 1980 III
1370 1940 1410 1993 2,
1434 1939 1504 1980 28.
1567 1939 1677 1982 Hell.
1710 1939 1771 1982 IV
1802 1939 1843 1994 6,
1869 1935 1937 1981 14.

381 2010 516 2051 Anah.
550 2010 632 2051 VII
666 2010 705 2063 8,
729 2010 799 2050 23.
862 2011 1162 2061 ἐμηχανήσατο
1202 2010 1282 2065 Rp.
1322 2010 1426 2052 Lae.
1468 2010 1507 2064 9,
1531 2010 1571 2051 3.
1640 2009 1954 2052 ἐνδυναστεύει».

381 2081 490 2122 Hell.
514 2081 596 2122 VII
623 2082 659 2135 1,
682 2082 752 2121 42.
801 2084 972 2132 συνερεῖ
994 2081 1091 2136 Cyr.
1117 2082 1158 2122 ΙΙ
1181 2082 1221 2135 2,
1245 2082 1314 2123 22.
1369 2084 1672 2133 συνεπικοσμεῑ
1693 2082 1808 2124 Hier.
1832 2081 1872 2136 8,
1895 2082 1936 2124 6.

379 2151 649 2203 ταμιεύεσθαι
682 2152 779 2206 Cyr.
813 2152 877 2193 III
910 2153 950 2206 3,
973 2153 1043 2194 47.
1107 2153 1167 2195 IV
1203 2154 1239 2206 1,
1266 2153 1332 2194 18.
1389 2151 1518 2208 Hipp.
1553 2153 1590 2202 7,
1615 2154 1682 2194 11.
1749 2153 1937 2205 φυλάξα-

381 2227 479 2264 σθαι
512 2224 624 2264 ὥστε
657 2224 709 2274 μὴ
758 2226 970 2275 ληφθῆναι
1017 2225 1041 2275 ἢ
1083 2223 1492 2275 παρασκευάσασθαι
1539 2225 1651 2266 ὥστε
1698 2223 1938 2276 ἀμύνασθαι
1988 2212 1995 2219 ‘⁷

381 2294 517 2352 Anah.
559 2294 641 2335 VII
679 2295 719 2346 3,
750 2295 820 2336 35.
883 2295 999 2345 τίνος
1040 2295 1162 2336 ἕνεκα
1203 2295 1456 2346 Χρυσάνταν
1496 2295 1687 2346 ἔγραψας
1727 2296 1839 2337 ὥστε
1877 2294 1937 2346 εἰς

380 2366 457 2416 τὴν
489 2366 737 2416 τιμιωτέραν
769 2366 871 2416 ἐμοῦ
905 2366 1049 2417 χώραν
1080 2367 1316 2417 ἱδρυθῆναι;
1358 2366 1456 2421 Cyr.
1490 2367 1595 2408 VIII
1626 2367 1668 2420 4,
1695 2367 1761 2407 10.
1823 2366 1936 2408 πάνυ

380 2436 460 2487 γάρ
499 2450 567 2485 μοι
608 2437 813 2487 ἐμέλησεν
847 2438 959 2478 ὥστε
1000 2437 1152 2479 εἰδέναι
1186 2437 1284 2492 Cyr.
1318 2437 1377 2479 VI
1410 2438 1450 2491 3,
1478 2437 1543 2478 19.
1607 2437 1791 2489 ἐξευρεῖν
1823 2438 1935 2479 ὥστε

381 2507 461 2562 Rp.
496 2506 594 2549 Ath.
628 2508 668 2561 3,
693 2508 718 2549 9
753 2508 866 2560 (bis).

523 2578 566 2630 b)
601 2579 731 2620 verba
764 2578 1039 2620 decernendi:
1080 2580 1353 2631 ψηφίσασθαι
1386 2580 1497 2621 ὥστε
1529 2580 1582 2630 μὴ
1614 2579 1724 2620 ἴσων
1755 2579 1937 2621 ἕκαστον

381 2649 604 2700 τυγχάνειν
637 2650 734 2704 Cyr.
768 2651 811 2691 II
843 2651 884 2704 2,
908 2651 977 2691 20.

525 2721 717 2773 e)ve1·ba
739 2720 1051 2763 commovendi:
1085 2721 1453 2772 παρακαλούμενοι
1485 2722 1597 2763 ὥστε
1629 2721 1679 2763 τὰ
1702 2720 1827 2773 ὅμοια
1858 2735 1936 2763 πο-

381 2793 558 2842 νοῦντες
591 2794 676 2833 τῶν
710 2793 852 2834 αὐτῶν
883 2792 1108 2844 τυγχάνειν
1141 2793 1239 2847 Cyr.
1273 2793 1316 2833 II
1352 2794 1389 2847 1,
1426 2793 1493 2834 19.

524 2862 568 2914 d>
601 2863 730 2905 verba
761 2863 1034 2918 prohibendi:
1069 2863 1242 2919 ἀπῇσαν
1275 2864 1314 2905 οἱ
1346 2864 1539 2915 πολέμιοι
1571 2863 1710 2918 κύκλῳ
1741 2866 1817 2906 τοῦ
1840 2864 1934 2915 Τρι-

382 2933 584 2984 καράνου·
627 2935 738 2976 ὥστε
770 2935 850 2986 γὰρ
882 2936 958 2985 τὴν
991 2935 1206 2986 σύντομον
1238 2936 1346 2986 πρὸς
1379 2935 1480 2985 τοὺς
1512 2935 1760 2985 Πελληνέας
1791 2934 1935 2987 ἀφικέ-

383 3008 481 3047 σθαι
514 3006 537 3056 ἡ
568 3006 650 3057 πρὸ
683 3008 757 3047 τοῦ
790 3006 956 3057 τείχους
989 3006 1156 3058 φάραγξ
1190 3005 1300 3057 εἶργε
1333 3006 1441 3047 Hell.
1461 3006 1542 3047 VII
1559 3006 1599 3060 2,
1627 3006 1692 3047 13.
1740 3007 1824 3057 πᾶς
1856 3005 1936 3058 γὰρ
